3322 5484
202 364 285 407 xxvru
742 341 950 405 PRAEFATIO

201 539 238 594 ut
271 532 464 616 optimarum
493 550 535 591 ex
558 525 624 589 illis
647 525 907 591 membranarum
928 528 1038 593 varias
1065 528 1221 593 lectiones
1255 551 1329 594 cum
1357 529 1500 596 lectione

202 632 393 695 Priscianea
409 629 584 715 diligenter
596 650 822 714 componerem
839 631 883 693 ¹⁰⁵.
922 630 1009 713 quod
1028 631 1078 694 uti
1101 631 1136 694 in
1149 632 1358 716 gravissimis
1381 630 1499 697 saltem

201 732 389 798 auctoribus
409 730 504 817 plene
526 730 657 794 efficere
676 751 823 816 possem,
855 731 1004 816 inprimis
1026 731 1107 795 mibi
1128 732 1241 798 datum
1254 728 1308 798 ¹est
1336 732 1499 799 beneficio

200 832 411 899 Friderici
435 831 660 897 Ritscbclii
681 841 714 895 et
736 854 884 896 suorum:
929 832 1152 898 Alfredum
1172 833 1497 901 Fleckeisenum

200 936 289 1018 dico,
320 934 540 998 Henricum
563 931 760 1014 Keilium,
797 933 990 998 Ottonem
1012 932 1302 1020 Ribbeckium,
1330 936 1501 1003 Guilel-

198 1059 298 1101 mum
321 1034 612 1101 Steinhartum.
668 1055 804 1119 quorum
827 1035 897 1122 ipse
919 1034 1119 1100 Ritschclius
1141 1040 1498 1124 praestantissimorum

199 1139 343 1205 Terentii
366 1136 541 1217 librorum,
574 1135 727 1200 Bembini
745 1137 779 1172 ¹⁰⁴¹
800 1145 834 1200 et
854 1136 1054 1220 Basilicani,
1088 1137 1314 1226 Calliopianae
1335 1143 1499 1207 recensio-

196 1243 248 1306 nis
265 1241 358 1306 ducis
380 1238 525 1319 alterius,
549 1239 659 1303 varias
681 1237 839 1305 lectiones
863 1239 1087 1326 excerpendae
1107 1240 1188 1305 mibi
1201 1243 1394 1326 transmisit,
1417 1242 1497 1307 Kei-

197 1343 261 1407 lius
284 1351 463 1406 ceterorum
484 1339 771 1426 grammaticorum
792 1339 964 1423 lectiones,
987 1341 1106 1428 quibus
1127 1351 1160 1406 et
1175 1341 1377 1424 obeandem
1398 1346 1498 1408 ratio·

197 1467 272 1511 nem
293 1452 325 1508 et
346 1442 388 1507 ob
409 1438 491 1506 alias
510 1462 609 1529 saepe
630 1441 831 1526 indigebam,
855 1465 897 1507 ex
914 1443 1045 1507 scriniis
1061 1444 1130 1508 suis
1149 1452 1267 1529 rogatu
1281 1468 1354 1511 meo
1367 1467 1496 1533 promp-

196 1548 250 1631 sit,
272 1543 489 1625 Ribbeckius,
504 1552 733 1630 praeterquam
746 1545 834 1632 quod
847 1546 1043 1609 comicorum
1059 1567 1190 1609 suorum
1203 1544 1355 1633 plagulas
1371 1547 1493 1634 aprelo

196 1648 344 1713 madidas
353 1668 480 1712 mecum
495 1647 759 1728 communicavit,
772 1645 942 1712 lectissimi
953 1656 1129 1733 apparatus
1145 1648 1196 1712 sui
1204 1647 1390 1734 Vergiliani
1399 1671 1496 1714 usum

196 1750 275 1815 mihi
299 1748 478 1829 concessit,
499 1757 535 1811 ut
549 1757 737 1813 accuratam
752 1750 948 1836 optimorum
971 1749 1120 1821 codicum
1143 1748 1287 1814 Palatini
1309 1760 1342 1816 et
1354 1752 1496 1817 Romani

195 1875 234 1917 ao
247 1851 503 1936 fragmentorum
524 1848 760 1913 Vaticanorum
783 1850 878 1937 (Fr.)
904 1859 936 1915 et
958 1849 1195 1915 veronensium
1214 1853 1320 1940 (Ver.)
1341 1853 1493 1919 notitiam

195 1953 239 2019 ad
269 1952 509 2038 Fogginianam
547 1950 688 2015 lllcdicei
722 1954 911 2017 memoriam
940 1951 1071 2017 adicere
1108 1952 1237 2036 liceret,
1284 1954 1493 2020 Steinhartus

196 2055 292 2120 codd.
312 2054 439 2119 Lucani
458 2053 695 2119 Vossianonun
716 2056 818 2116 ΑΒ107
842 2056 1033 2120 varietatem
1066 2054 1217 2121 lectionis
1240 2055 1495 2143 diligentissime

196 2180 217 2221 a
239 2180 274 2223 sc
298 2157 498 2243 exscriptam
521 2156 601 2220 mihi
622 2157 857 2240 commodavit,
882 2155 1117 2221 Fleckeisenus
1140 2157 1291 2244 denique,
1313 2158 1430 2223 ubiubi
1443 2181 1497 2224 co-

197 2261 271 2349 piae
291 2258 533 2324 Ritschelianae
555 2256 700 2322 nondum
725 2259 873 2324 reclusae
895 2266 1001 2339 erant,
1035 2259 1144 2323 Plauti
1166 2258 1389 2325 Palatinorum
1412 2261 1495 2324 noti·

195 2363 274 2428 tiam
296 2360 485 2449 pleniorem,
508 2382 605 2448 quam
628 2382 712 2446 quae
731 2382 751 2423 a
769 2361 873 2424 Pareo
896 2359 972 2423 olim
998 2359 1120 2447 publici
1144 2362 1224 2426 iuris
1250 2361 1340 2426 facta
1360 2369 1428 2445 est,
1450 2384 1495 2426 ex

196 2464 477 2546 Scbwarzmanni,
498 2485 597 2550 quam
618 2461 779 2550 possidet,
798 2462 969 2527 collatione
992 2461 1166 2548 supplevit.
1212 2472 1246 2528 at
1267 2463 1369 2527 multo
1387 2464 1495 2548 magis

195 2568 321 2632 amicus
343 2566 574 2649 integerrimus
598 2562 697 2629 code
719 2585 818 2651 opera
839 2585 912 2626 mea
932 2564 1070 2627 meritus
1092 2574 1156 2648 est,
1179 2565 1267 2651 quod
1289 2573 1337 2646 et,
1358 2575 1401 2658 ut
1417 2573 1493 2630 ante

91 2653 94 2659 ⁵
195 2668 255 2733 bos
277 2668 359 2737 duos
381 2688 486 2730 annos
508 2665 544 2729 in
563 2664 687 2747 Gellio,
724 2667 771 2731 ita
802 2667 1014 2730 nuncetiam
1043 2665 1078 2727 in
1099 2664 1271 2730 Prisciano
1293 2665 1494 2731 recensendo

193 2767 412 2858 prudentibus
434 2766 581 2832 consiliis
602 2776 634 2830 et
656 2767 834 2853 praeclaris
857 2764 1142 2830 emendationibus
1165 2766 1200 2829 in
1222 2768 1344 2831 veteris
1361 2768 1493 2854 potissi-

193 2894 279 2935 mum
302 2872 412 2958 poesis
435 2871 604 2934 Romanae
635 2869 784 2957 reliquiis
812 2867 1037 2934 emaculandis
1059 2866 1139 2930 mihi
1164 2867 1273 2931 adfuit
1295 2878 1328 2932 et
1346 2868 1492 2955 plagula-

192 2997 264 3039 rum
294 2971 539 3060 atypotlrctae,
574 2968 792 3035 sollertissimi
818 2981 963 3035 cetorum
984 2967 1143 3044 bominis,
1176 2968 1305 3033 mendis
1327 2971 1492 3056 corrigen-

193 3075 307 3139 danrm
335 3072 481 3139 laborem
508 3071 777 3136 molestissimum
802 3072 967 3136 indefesso
996 3070 1105 3135 studio
1134 3077 1168 3133 et
1196 3069 1414 3135 subtilissima
1442 3072 1491 3136 di-

191 3174 330 3260 ligentia
351 3197 478 3238 mecum
501 3173 766 3239 communicavit.

278 3277 382 3341 Grata
409 3276 508 3338 ctiam
532 3274 687 3337 momoria
715 3296 789 3338 cum
809 3275 1024 3360 Augustus
1046 3271 1261 3336 Nauekius
1289 3281 1322 3337 et
1344 3273 1493 3341 Gusta-

193 3400 269 3443 vus
289 3375 492 3442 Wolffiue
519 3384 588 3440 tum
609 3374 838 3440 Mauricius
857 3375 1067 3462 Hauptius
1102 3382 1135 3438 et
1156 3373 1370 3460 Augustus
1392 3376 1492 3441 Mei-

192 3478 341 3543 nekius
368 3477 588 3563 prosequendi
617 3486 710 3557 sunt,
744 3478 799 3563 qui
834 3479 1125 3564 quotienscumque
1151 3498 1215 3570 per
1241 3485 1345 3541 totum
1367 3478 1491 3543 laboris

191 3579 362 3664 longinqui
385 3579 559 3664 decursum
579 3600 635 3642 eos
657 3578 724 3642 adii
741 3577 795 3642 vel
816 3579 917 3645 libros
934 3578 987 3644 rel
1010 3577 1148 3642 consilia
1170 3577 1351 3664 petiturus,
1372 3579 1487 3644 eadem

189 3702 317 3766 semper
338 3681 408 3744 sive
429 3681 594 3745 amicitiae
616 3679 686 3745 sive
708 3679 951 3744 benivolentiae
972 3680 1158 3744 constantia
1180 3679 1266 3745 votis
1292 3680 1373 3744 meis
1393 3682 1489 3746 satis-

188 3782 348 3849 fecerunt.

273 3883 399 3949 Studiis
418 3890 528 3947 autem
550 3884 632 3948 meis
655 3883 690 3946 in
712 3881 882 3946 Prisciano
903 3883 1019 3969 positis
1042 3881 1077 3945 id
1090 3881 1224 3947 efficere
1246 3890 1382 3948 conatus
1405 3906 1489 3967 sum,

187 3997 239 4070 ut,
269 3995 432 4074 quatenus
457 3983 585 4067 liceret,
623 3983 706 4048 illud
732 3983 974 4046 institutiomun
1004 3986 1291 4068 grammaticarum
1320 3986 1491 4072 exemplar

186 4091 410 4170 restituerem,
445 4087 534 4174 quod
559 4107 603 4151 ex
631 4086 825 4172 idiograpbo
855 4084 997 4149 doctoris
1029 4087 1079 4149 sui
1102 4086 1252 4173 exemplo
1274 4085 1489 4172 descripsisse

187 4190 318 4256 videtur
352 4188 554 4254 Theodorus.
613 4188 699 4253 illud
725 4197 836 4252 autem
867 4186 1080 4252 festinantius
1110 4212 1208 4276 quam
1234 4187 1394 4253 voluisset
1422 4187 1488 4253 sibi

186 4290 349 4358 edendum
370 4290 489 4379 fuisse,
517 4289 560 4355 ob
583 4313 639 4355 eos
658 4290 727 4377 ‘qui
755 4290 877 4355 alienis
899 4287 1068 4353 laboribus
1091 4291 1287 4356 insidiantes
1310 4288 1489 4377 furtimque

258 4514 307 4566 loo
325 4515 449 4566 Locorum
464 4532 480 4565 ι
492 4516 626 4568 Prisciano
642 4517 748 4582 saepius
765 4524 1035 4569 commemoratorum.
1054 4515 1099 4565 ubl
1115 4516 1226 4580 primurn
1244 4516 1341 4582 singuli
1360 4516 1489 4583 leguntur,

96 4656 102 4663 ,
187 4600 274 4650 sarim
292 4599 415 4650 lectiones
433 4603 537 4653 additae
554 4612 626 4657 sunu
657 4604 701 4653 ubi
720 4603 885 4653 memorabile
911 4602 973 4666 quid
997 4602 1102 4653 allatum
1121 4612 1187 4653 erat.
1216 4602 1272 4651 loco
1290 4603 1382 4653 iterum
1400 4605 1487 4655 citato.

189 4686 300 4737 lectores
318 4688 481 4737 annotatione
496 4704 554 4740 mea
569 4690 631 4740 illuc
648 4690 781 4755 ablegari:
807 4690 839 4738 sle
855 4689 909 4737 rell.
927 4688 1004 4738 iudex
1023 4686 1197 4751 consrrlepdus
1280 4690 1329 4740 loe
1347 4689 1487 4738 nomadum

189 4780 244 4833 est,
270 4788 287 4821 ι
308 4769 431 4823 Bembino
453 4776 574 4826 malorem
600 4777 714 4826 Andriae
732 4784 829 4841 partem
852 4789 934 4836 usque
958 4775 992 4823 ad
1015 4781 1064 4821 act.
1090 4774 1135 4822 llll
1159 4778 1265 4825 sceml
1290 4790 1315 4825 v.
1341 4775 1376 4826 48
1398 4775 1491 4826 abesse

263 4857 312 4913 lor
326 4856 363 4909 cl.
380 4855 522 4909 satutant
540 4861 574 4912 de
592 4862 771 4913 emendatione
788 4861 885 4911 Lucam
904 4875 997 4912 comm.
1015 4860 1120 4910 Bonane
1137 4875 1161 4912 a.
1182 4860 1249 4912 1854
1267 4862 1363 4911 editam
