3322 5484
639 312 642 318 ’
667 340 877 402 interino
1125 407 1129 413 ,
1373 362 1426 403 xxv

204 524 322 590 Athis
343 525 515 610 promissis
538 546 594 588 eoa
614 545 680 588 non
699 525 831 588 stetisse
850 523 998 589 indicare
1020 523 1150 588 videtur
1164 547 1239 612 opp.
1261 525 1425 590 Prisciani

117 626 305 691 editionum
326 625 471 690 omnium
495 625 710 707 nitidissima,
746 648 832 712 quae
860 625 988 690 duobus
1018 627 1114 690 annis
1139 636 1212 713 post
1240 626 1362 713 prodiit
1389 629 1424 715 6)

116 729 317 792 Venetiis
336 730 377 792 in
398 726 688 792 aedibusAldi
710 726 1422 796 etAndr.Asulanim.Maioa.1527
1477 737 1481 744 '

117 833 155 896 in
177 829 283 893 forma
305 838 368 895 oct.
391 830 552 917 impressa
570 829 630 916 (α).
660 850 700 892 ea
722 829 810 892 enim
827 829 967 915 singulis
987 829 1151 896 Prisciani
1166 831 1320 918 operibus
1344 856 1423 897 cnu-

115 934 253 997 meratis
277 932 373 997 addit
399 933 496 996 haec:
542 931 680 1019 ‘quibus
707 931 860 997 omnibus
890 933 933 996 ad
953 955 1047 997 suum
1078 933 1179 998 decus
1210 936 1424 1001 restituendis

115 1046 276 1124 quantam
298 1034 545 1100 adhibuerimus
567 1032 785 1118 diligentiam,
809 1032 905 1098 facile
922 1056 1111 1119 cognosces,
1135 1038 1164 1101 si
1183 1036 1267 1100 banc
1279 1046 1425 1102 nostram

116 1139 296 1203 editionem
320 1136 469 1237 cqnfe'res
492 1157 559 1200 non
578 1135 675 1199 modo
691 1156 764 1199 cum
780 1136 918 1200 caeteris
930 1135 1141 1220 editionibus,
1165 1138 1224 1203 sed
1241 1122 1424 1205 etiamdum

117 1263 265 1329 eaquae
286 1240 435 1327 proxime
455 1237 641 1302 Florentiae
663 1244 739 1301 ante
760 1235 845 1301 banc
865 1246 1011 1305 nostram
1034 1238 1122 1303 facta
1147 1250 1208 1307 est.
1253 1250 1286 1307 et
1311 1263 1423 1307 omnes

117 1347 155 1408 in
173 1344 289 1431 primis
311 1341 400 1405 locos
421 1341 479 1406 ubi
502 1361 657 1427 graecum
680 1337 768 1425 quod
785 1338 906 1421 decrat,
924 1341 1138 1405 restituimus.
1183 1345 1218 1407 in
1243 1344 1311 1407 illis
1325 1345 1423 1426 enim,

118 1445 179 1510 sed
204 1454 237 1509 et
264 1445 300 1507 in
320 1443 434 1507 multis
455 1442 529 1507 aliis
559 1450 684 1506 tantam
709 1439 928 1505 differentiam
950 1441 1197 1528 depraehendes
1224 1447 1310 1509 inter
1337 1445 1423 1510 banc

116 1554 152 1610 et
173 1545 281 1627 illam,
309 1553 347 1610 ut
369 1544 451 1610 illud
479 1545 677 1608 musicorum
698 1543 744 1606 sis
766 1540 914 1607 dicturus
937 1544 984 1618 δὶς
1006 1545 1171 1608 διαπασῶν.
1215 1545 1318 1611 Vale?
1357 1544 1423 1611 'at-

116 1670 183 1736 que
202 1646 257 1712 hic
278 1668 395 1712 revera
409 1647 670 1712 membranarum
685 1645 881 1731 optimarum
903 1644 966 1709 fide
988 1667 1062 1709 cum
1076 1644 1196 1711 Latina
1210 1655 1280 1712 tum
1295 1648 1425 1714 Graeca

116 1773 161 1815 ex
176 1750 342 1814 constanti
355 1751 435 1813 artis
449 1769 563 1813 norma
578 1746 751 1812 emendata
768 1755 802 1810 et
812 1746 893 1811 baec
906 1756 1077 1833 praeterea
1098 1749 1230 1835 saepius
1251 1748 1329 1813 inde
1348 1772 1423 1836 sup

117 1853 207 1941 pleta
221 1860 310 1916 sunt.
346 1850 463 1937 quade
484 1851 642 1915 refusius
664 1852 734 1936 agit
755 1848 861 1914 editor
878 1850 1182 1935 praestantissimus
1193 1850 1345 1916 Donatus
1359 1851 1423 1918 Ve-

117 1956 269 2019 ronensis
292 1954 327 2017 in
346 1952 488 2037 epistula
507 1953 549 2017 ad
565 1955 646 2017 artis
668 1950 901 2039 grammaticae
924 1949 1089 2016 studiosos
1112 1953 1206 2035 data,
1236 1974 1321 2039 quae
1341 1952 1422 2020 folio
1535 1966 1538 1972 '

117 2059 228 2143 ipsum
252 2053 383 2119 titulum
405 2055 583 2142 excipienti
614 2057 737 2119 inserta
762 2063 821 2117 est.
867 2059 1044 2137 ‘magnam’
1075 2056 1123 2118 ait
1144 2054 1236 2118 ‘mihi
1259 2055 1424 2143 exempla-

117 2161 205 2223 rium
226 2165 393 2237 veterum,
422 2177 506 2241 quae
526 2157 675 2222 conferre
699 2178 845 2244 possem,
877 2155 1004 2240 copiam
1026 2153 1106 2218 fecit
1123 2155 1277 2220 Andreas
1302 2157 1423 2222 Asula-

117 2283 197 2341 nus,
227 2260 321 2342 cuius
349 2255 484 2321 officina
507 2257 681 2340 librorum,
711 2260 791 2323 satis
821 2259 886 2322 iam
910 2256 967 2320 diu
988 2255 1145 2321 studiosis
1171 2259 1323 2324 omnibus
1343 2271 1422 2327 nota

117 2372 179 2426 est.
224 2358 277 2423 Ita
294 2357 361 2423 illis
377 2358 587 2424 conferendis
605 2361 693 2424 nulli
713 2361 791 2447 (sie)
808 2358 888 2422 mihi
909 2359 1024 2423 maiori
1042 2358 1229 2427 adiumento
1247 2360 1309 2426 tuit
1323 2386 1423 2450 quam

117 2461 207 2550 quod
229 2460 306 2525 olim
331 2482 348 2524 e
372 2459 482 2524 Gallia
503 2461 610 2526 Aldus
633 2463 801 2527 Manutius
816 2483 935 2545 magno
953 2461 1058 2547 pretio
1079 2462 1283 2550 redemptum
1306 2465 1422 2530 attule-

119 2576 182 2629 rat.
227 2562 336 2626 Tanta
357 2560 456 2627 huius
479 2563 612 2629 Codicis
633 2573 765 2650 tamque
786 2564 920 2649 egregia
941 2563 982 2626 de
1002 2573 1075 2628 octo
1096 2565 1245 2650 partibus
1264 2568 1420 2632 orationis

117 2666 225 2752 deque
245 2664 432 2729 earumdem
450 2667 692 2731 construetione
715 2665 886 2728 dumtaxat
907 2663 1037 2727 bonitas
1060 2673 1158 2750 atque
1181 2665 1353 2752 integritas
1366 2692 1421 2733 ex·
1493 2720 1497 2726 .

116 2769 203 2849 titis,
227 2776 261 2831 et
285 2765 422 2830 alterius
452 2769 530 2832 item
554 2766 771 2832 vetustissimi
794 2764 834 2827 de
853 2763 1025 2827 duodecim
1047 2763 1214 2830 Aeneidos
1241 2770 1357 2853 primis
1377 2753 1421 2835 li-

116 2871 252 2936 brorum
275 2869 493 2952 carminibus,
515 2879 552 2934 ut
576 2869 691 2934 borum
710 2865 883 2932 collatione
903 2866 966 2929 tria
981 2863 1063 2928 haec
1086 2888 1213 2952 sperem
1232 2890 1284 2931 me
1306 2869 1353 2932 ita
1371 2894 1422 2935 re-

118 2972 285 3053 stituisse,
322 2980 357 3034 ut
377 2970 431 3036 vel
451 2973 560 3059 ipsum
582 2970 789 3035 Priscianum
811 2967 872 3032 boc
891 2976 1037 3053 tempore
1057 2967 1116 3031 vix
1136 2976 1248 3055 putem
1271 2972 1422 3036 emenda-

118 3076 203 3138 tiora
224 3071 402 3137 daturum’.
460 3096 544 3161 quae
569 3073 598 3137 si
622 3072 721 3136 nimis
747 3069 1158 3155 exaggeratavideantur,
1189 3092 1284 3137 nemo
1312 3083 1424 3143 tamen

118 3174 273 3261 negabit,
301 3172 471 3239 Donatum
498 3175 694 3263 optimarum
716 3171 980 3236 membranarum
1004 3173 1110 3260 pretio
1139 3182 1226 3238 recte
1247 3175 1419 3242 aestimato

118 3287 153 3342 et
179 3285 275 3340 textu
303 3274 348 3340 ad
377 3297 489 3342 earum
511 3279 609 3343 fidem
627 3276 804 3340 'sinceriter
827 3297 984 3363 expresso
1006 3282 1104 3360 atque
1126 3273 1215 3338 baud
1236 3298 1311 3342 raro
1333 3277 1419 3344 bene

116 3379 289 3444 emendato
312 3379 397 3442 inter
419 3398 530 3443 omnes
552 3378 715 3443 Prisciani
737 3376 878 3442 editores
900 3373 1041 3463 palmam
1061 3378 1231 3441 meruisse.

202 3479 280 3544 Iure
301 3480 403 3565 igitur
425 3502 484 3544 suo
506 3479 649 3545 editores
669 3480 878 3565 insequentes
902 3478 1136 3565 pedetemptim
1158 3478 1226 3544 fere
1250 3480 1322 3544 cius
1346 3504 1419 3546 ves-

116 3583 201 3669 tigia
222 3590 424 3668 presserunt.
460 3581 511 3648 ed.
539 3583 671 3669 quidem
693 3581 791 3644 Badii
814 3580 1000 3644 Parisinam
1021 3601 1050 3643 a.
1074 3584 1153 3644 1527
1178 3584 1329 3647 exeuntis
1353 3608 1418 3650 non

117 3685 213 3767 novi3
247 3682 533 3769 impudentissime
556 3706 634 3749 vero
656 3683 781 3748 factum
808 3689 874 3765 est,
908 3681 995 3766 quod
1015 3682 1049 3769 7)
1073 3681 1128 3746 ed.
1149 3682 1418 3752 Coloniensis

107 3786 198 3872 (a),
234 3805 319 3869 quae
348 3784 419 3871 ipso
445 3807 531 3850 anno
552 3787 702 3873 proximo
721 3807 797 3849 aere
820 3793 853 3847 et
877 3784 1025 3869 impensa
1046 3783 1228 3850 Godofredi
1251 3785 1420 3874 Hyttorpii

117 3908 242 3953 excusa
264 3894 314 3949 est
332 3885 375 3950 ab
397 3887 561 3952 Eucherio
584 3887 783 3952 Cervicorno
808 3884 1053 3973 (MDXXVIII
1076 3885 1148 3969 fol.)
1172 3886 1301 3973 inipso
1324 3888 1419 3953 titulo

118 3993 165 4055 sic
187 4010 261 4053 sese
283 3988 437 4053 iactaret:
484 3988 550 4054 ‘Iis
572 3988 724 4054 omnibus
745 4001 903 4076 quantum
924 4009 1059 4076 operae,
1090 3995 1122 4051 et
1149 3983 1183 4048 id
1205 3988 1336 4073 quidem
1362 4010 1418 4075 po·

117 4093 282 4157 tissimum
304 4090 338 4153 in
359 4092 504 4175 graecis,
533 4112 616 4178 quae
642 4089 711 4154 fere
735 4090 888 4174 deerant,
917 4088 1127 4155 restituendis
1154 4089 1337 4154 adhibitum
1364 4092 1419 4173 ait,

119 4203 185 4258 tum
213 4191 340 4278 liquido
371 4213 566 4276 cognosces,
601 4192 659 4255 ubi
688 4190 879 4277 diligentius
908 4192 1017 4256 omnia
1046 4188 1127 4253 baec
1154 4192 1417 4278 introspexeris'.

118 4297 296 4360 maximam
310 4315 388 4358 vero
406 4292 507 4357 bilem
517 4302 627 4358 movet
649 4292 783 4357 editoris
804 4293 862 4357 Ar.
882 4291 996 4380 [noldi]
1016 4291 1090 4357 vet.
1110 4292 1268 4379 [aliensis]
1289 4293 1417 4380 praefa-

117 4396 177 4478 tio,
196 4398 256 4483 qui
277 4393 431 4460 ‘videbis'
453 4396 500 4459 alt
517 4393 626 4482 ‘plane
649 4394 806 4478 nitidum,
832 4396 889 4481 qui
905 4393 1016 4458 multis
1037 4395 1103 4456 iam
1125 4395 1220 4457 annis
1240 4391 1336 4458 foedo
1362 4420 1418 4462 ne-

117 4497 226 4582 glectu
249 4495 411 4584 squaluit,
438 4496 682 4562 animadvertes
700 4498 913 4582 castigatum,
942 4517 1037 4581 quem
1053 4494 1105 4559 bis
1126 4492 1217 4558 mille
1239 4499 1416 4582 erroribus,

119 4704 193 4750 quum
212 4689 238 4737 in
257 4689 300 4739 his
319 4702 381 4738 usus
398 4687 492 4738 latinus
510 4687 703 4754 elegantissime
721 4705 814 4755 graeco
832 4689 941 4740 collatus
961 4686 1008 4752 sit,
1035 4686 1095 4736 hinc
1120 4689 1257 4739 maximum
1282 4692 1414 4741 utilitatem

117 4776 245 4840 percipere
263 4774 388 4840 possint'.
418 4788 489 4842 ,anno
507 4775 575 4826 1554
592 4776 718 4825 Prisciani
736 4791 811 4842 opp„
830 4775 978 4828 unn01529
997 4776 1074 4826 ‘libri
1092 4777 1141 4827 dno
1156 4778 1278 4848 postremi
1291 4777 1415 4827 Prisciani
1447 4797 1449 4801 v

116 4861 146 4910 de
164 4863 269 4928 syntaxi
286 4875 302 4912 a
319 4859 424 4912 Nicolao
444 4861 554 4928 Angelis
571 4861 711 4913 Bucinsnsi
728 4865 861 4929 castigati’
881 4864 908 4916 iu
924 4864 1098 4932 typographia
1115 4865 1216 4914 Iuntina
1229 4869 1398 4915 recusarunt.
