3322 5484
239 315 300 377 456
734 310 917 374 PRlSClle
938 311 1033 373 lust.

306 430 373 473 scs.
389 429 452 471 eor.
1309 439 1330 480 p.
1346 425 1395 467 can
1412 425 1444 477 to
1458 426 1486 467 ac

240 445 316 584 qudd
339 500 524 582 imperativus
544 499 649 560 modus
675 498 880 559 necessitatem
904 497 1061 575 siguificat,
1090 496 1222 557 voluutas
1245 505 1340 557 autern
1364 496 1462 557 libera
1488 499 1547 560 de·

239 607 289 667 bet
310 625 391 665 esse:
414 603 509 679 itaque
528 601 584 660 boc
606 599 738 672 verbum,
761 598 837 677 quod
860 618 960 660 carcre
982 597 1068 658 debet
1088 598 1278 670 necessitate,
1301 606 1382 659 caret
1403 598 1544 678 impera—

188 760 192 766 .
240 679 305 768 tivo.
350 725 383 765 ox
404 706 459 766 hoc
479 711 576 763 tamon
596 701 789 780 compositum
811 701 899 762 habet
923 699 1124 779 imperativum
1147 700 1177 760 in
1199 699 1325 760 secunda
1348 719 1482 779 persona
1506 701 1541 761 iu

241 809 249 869 i
271 807 437 868 desinente:
460 803 554 865 ‘noli'.
599 803 666 863 licet
692 810 789 863 tamen
812 811 841 862 et
862 802 1060 875 subiunctiro,
1082 811 1222 882 utsupra
1245 801 1384 874 diximus,
1407 801 1452 863 uti
1478 823 1541 883 pro

239 909 422 990 imperativo,
452 907 480 967 id
507 914 552 966 cst
578 904 696 977 ‘velis’,
725 904 788 966 ‘lac
815 903 914 965 velis’.
959 904 988 964 in
1009 904 1103 984 prima
1128 903 1205 965 enim
1233 912 1263 964 ct
1293 901 1376 963 tertia
1399 917 1569 982 personati

239 1011 368 1072 omnium
396 1008 548 1070 verborum
580 1007 766 1086 imperativus
789 1026 929 1086 praesens
952 1006 1053 1068 similis
1074 1012 1119 1066 est
1146 1004 1336 1067 subiunctivo.
1380 1007 1540 1085 optativus

239 1131 355 1193 tyrioque
377 1112 440 1172 eius
465 1109 552 1180 verbi¹
571 1117 629 1169 tam
651 1108 681 1168 iu
703 1109 850 1187 praesenti
878 1109 938 1170 sive
961 1109 990 1169 in
1014 1107 1170 1188 praeterito
1192 1107 1360 1186 imperfecto
1386 1125 1479 1185 quiam
1504 1109 1556 1170 iu'

183 1212 192 1231 ’
240 1216 336 1275 luturo
365 1211 497 1274 similiter
519 1208 677 1288 conamrpit
705 1209 849 1287 regulam,
871 1218 902 1270 ut
924 1209 1061 1270 ‘vellem'
1088 1217 1117 1269 et
1138 1207 1274 1267 ‘vcliruh
1314 1216 1343 1269 et
1362 1209 1538 1288 praesentis

240 1316 373 1396 quidem,
397 1312 474 1392 quod
496 1321 525 1372 et
548 1310 736 1391 praeteritum
756 1320 801 1371 est
824 1313 1042 1392 imperiecttuu,
1066 1329 1155 1371 causa
1182 1318 1227 1370 est
1247 1309 1444 1389 corruptionis
1464 1331 1537 1373 eor·

240 1417 336 1497 ruptio
364 1412 509 1478 secundae
537 1432 679 1494 personae
702 1411 862 1485 indicativi,
889 1433 923 1475 er
944 1412 1127 1493 quaeritur,
1149 1411 1238 1471 futuri
1261 1431 1326 1472 roro
1346 1413 1534 1492 synonymia,
1552 1429 1587 1473 ιε’

240 1519 332 1581 idest
353 1535 460 1596 anceps
481 1514 668 1594 significatio,
691 1533 765 1593 quae
787 1517 885 1588 lieret,
915 1516 940 1577 si
963 1515 1076 1587 ‘volam
1101 1512 1179 1573 volas
1201 1513 1276 1574 volat
1298 1513 1428 1575 volamus
1452 1516 1535 1578 vola-

240 1621 278 1682 tis
296 1620 402 1680 volant'
423 1618 595 1679 diceremus.
639 1616 735 1697 itaque
756 1636 810 1696 pro
827 1619 944 1679 ‘volam’
960 1617 1066 1679 ‘velim’
1088 1616 1244 1676 auctoritas
1266 1635 1323 1677 nou
1344 1616 1534 1686 irrationabi-
1584 1639 1587 1643 ’

239 1722 305 1783 liter
328 1715 467 1802 tradidit]
487 1718 591 1779 dicere.
637 1728 666 1779 ct
687 1720 806 1781 ‘velim’
829 1728 925 1781 tamen
947 1740 1000 1801 pro
1022 1718 1130 1778 ‘velim'
1154 1717 1346 1796 proterebant
1393 1718 1533 1780 Cicero

240 1824 270 1883 in
289 1823 320 1883 ll
342 1823 378 1883 de
406 1821 724 1883 naturadeoruur:
747 1841 816 1901 cyrio
839 1821 995 1884 facilius
1013 1821 1062 1893 id,
1083 1819 1177 1899 quod
1196 1820 1330 1882 docere
1350 1820 1531 1897 volimus,

240 1923 417 2001 intellegi
439 1922 572 2002 possit
616 1921 670 1982 alia
701 1942 767 2020 yero
790 1923 902 1996 onmia,
930 1940 1004 2000 quae
1023 1940 1039 1981 a
1066 1920 1156 1999 prima
1179 1940 1304 2001 persona
1324 1939 1412 2000 supra
1433 1922 1573 1983 dictaeis

241 2024 453 2103 coniugationis
477 2024 572 2085 solent
600 2023 697 2096 nasci,
727 2023 869 2102 integram
893 2031 1009 2085 servant
1031 2021 1253 2084 declinationem
1278 2023 1406 2101 exceptis
1440 2044 1532 2104 supra

241 2126 326 2187 chous
349 2125 532 2205 synonymiae
554 2144 650 2187 causa.

211 2252 228 2303 9
330 2227 428 2287 ‘Edo’
451 2245 566 2305 quoque
583 2246 637 2307 per
655 2245 813 2305 syncopam
843 2221 889 2308 [id
914 2235 959 2288 est
987 2247 1041 2307 per
1058 2223 1271 2307 concisionem]
1297 2227 1314 2286 d
1336 2226 1437 2287 literae
1460 2231 1532 2291 lacit

243 2329 401 2391 secundam
422 2347 577 2407 personam
597 2336 626 2388 ct
643 2346 697 2406 per
713 2327 889 2406 synaeresim
912 2348 927 2389 e
947 2337 976 2388 et
993 2329 1002 2388 i
1022 2328 1128 2389 iu‘ei’
1153 2327 1365 2407 diphthongum
1377 2338 1477 2391 coacta
1501 2340 1532 2393 et

243 2428 292 2489 ‘ei’
309 2428 489 2508 diphthongo
505 2429 534 2489 in
553 2448 569 2489 e
591 2428 761 2509 productam
781 2429 1113 2511 couversaudillereutiae
1129 2449 1225 2502 causa,
1246 2450 1292 2502 ne,
1313 2430 1336 2491 si
1359 2431 1425 2490 ‘eis'
1448 2432 1530 2493 dice-
1543 2449 1571 2488 oo

241 2537 337 2602 retur,
357 2529 433 2590 alind
456 2528 636 2611 siguifica]]re
654 2538 818 2611 putaretur:
842 2523 914 2592 ‘edo
935 2536 995 2592 os'.
1039 2531 1116 2608 quod
1145 2551 1203 2591 uon
1225 2530 1325 2592 dubito
1347 2532 1531 2596 disserentiae

242 2651 330 2693 causa
351 2651 417 2692 esse
438 2633 563 2706 lactum,
590 2651 642 2707 ne,
665 2633 690 2693 si
712 2632 810 2693 ‘edis'
832 2632 992 2706 diceretur,
1013 2632 1222 2693 dubitationem
1243 2634 1351 2695 laceret
1373 2635 1529 2716 scriptino,

242 2735 386 2812 quomodo
409 2733 581 2794 deberemus
600 2735 788 2815 pronuntiare
816 2756 848 2809 e,
878 2735 1048 2815 productam
1070 2754 1107 2794 au
1129 2743 1301 2814 correptam.
1345 2737 1412 2797 hnic
1435 2757 1531 2816 oppo-

243 2836 334 2897 nitur:
363 2838 432 2896 ‘cur
460 2855 529 2914 ergo
553 2835 583 2895 in
606 2837 697 2916 primu
719 2858 861 2918 persona,
887 2834 952 2898 cum
975 2837 1077 2898 siculis
1100 2844 1179 2898 esset
1203 2836 1362 2911 dubitatio,
1389 2839 1445 2898 boc
1467 2859 1530 2901 uon

243 2945 288 2997 est
308 2935 453 2997 lactumi'
498 2937 533 2997 ad
559 2937 635 3014 quod
658 2939 828 3013 dicendum,
852 2939 946 3017 quod,
964 2939 1017 3000 etsi
1035 2937 1162 2999 concisio
1185 2939 1202 2998 d
1224 2937 1323 2998 literae
1346 2940 1419 2998 lacta
1436 2948 1527 3012 esset,
1542 2960 1571 3000 es

243 3040 333 3100 multo
355 3040 446 3100 triaior
467 3043 548 3101 lieret
571 3040 685 3100 erratio.
729 3040 753 3100 si
777 3040 853 3100 euim
879 3044 951 3101 ‘eo'
973 3041 1118 3102 diceretur
1139 3059 1192 3119 pro
1216 3040 1318 3114 ‘edo',
1342 3040 1418 3100 urdla
1437 3051 1529 3112 esset,

312 3263 324 3312 l
350 3263 551 3312 rrecesscsitatom
579 3262 603 3310 L
713 3264 729 3313 3
756 3271 838 3312 tumcu
867 3279 911 3312 orvi.
942 3263 1018 3312 uult
1105 3263 1218 3325 lliqnet
1247 3265 1271 3313 L
1375 3266 1390 3314 ὅ
1418 3280 1530 3328 persona

243 3330 332 3395 plurali
356 3333 468 3382 omnium
495 3332 523 3380 K
616 3332 632 3379 7
660 3332 777 3382 buiusL
802 3333 914 3381 eiusdem
931 3332 996 3381 -HK
1084 3341 1134 3382 tam
1158 3348 1202 3382 ortt.
1233 3333 1310 3381 mm
1337 3335 1396 3381 actu.
1428 3333 1459 3380 blr

242 3410 292 3449 tani
322 3403 346 3449 in
374 3403 499 3466 praesenti
530 3399 593 3464 sive]
626 3402 649 3449 in
680 3403 806 3468 praesenti
834 3413 883 3451 tam
911 3401 957 3450 GL
1067 3400 1132 3466 sive]
1160 3425 1188 3453 ss
1216 3404 1242 3452 Κ
1273 3400 1302 3451 sii
1332 3403 1349 3450 lc
1452 3421 1529 3466 quarn

244 3470 327 3521 luturo
359 3471 385 3519 K
486 3470 503 3520 8
531 3473 670 3536 conrumpit
703 3473 725 3521 G
828 3483 852 3520 et
878 3470 964 3533 trellim
1003 3472 1039 3520 nr
1150 3473 1167 3522 o
1199 3474 1367 3536 corruptionis
1399 3477 1530 3537 corruptio

243 3541 369 3590 secundae
403 3537 541 3605 personae]
577 3543 670 3604 scripsi
711 3542 838 3607 corruptio
877 3542 1003 3590 sectrudae
1040 3542 1199 3604 (speruudae
1231 3544 1285 3604 ltu)
1321 3558 1442 3606 personae
1480 3544 1531 3593 RB

943 3635 976 3661 ¹115
1456 3641 1468 3667 ll

209 3726 216 3742 ‚
244 3677 412 3741 corruptionis
432 3677 543 3726 secunda
567 3692 676 3741 persono
692 3675 793 3727 DGLK
815 3679 943 3742 corruptio
978 3679 1089 3727 secrrnda
1113 3694 1221 3743 persona
1237 3679 1280 3727 le
1368 3681 1399 3730 10
1417 3697 1467 3743 quo
1486 3683 1532 3733 th

325 3747 466 3809 synonimis
494 3746 624 3797 BHGLK
662 3748 787 3795 sinoruiua
820 3748 844 3794 Ι)
879 3747 1055 3798 sinonimiud
1170 3750 1200 3799 l'l
1228 3764 1273 3813 pro
1303 3751 1327 3798 in
1354 3767 1400 3813 up.
1433 3752 1460 3800 lr'

244 3816 452 3864 inrationabiliter
469 3816 494 3864 B
597 3817 628 3867 13
648 3827 729 3865 tamen
747 3832 792 3865 om.
812 3818 840 3866 11
951 3820 1015 3866 iuter
1031 3817 1108 3865 uelim
1127 3827 1152 3867 et
1170 3819 1331 3882 proterebant
1348 3822 1384 3869 ad
1397 3837 1442 3885 rap.
1463 3824 1530 3871 ariti-

244 3887 286 3949 qui
305 3885 464 3949 proferebant
481 3887 580 3938 odelei
653 3883 787 3959 Ciceron
810 3887 873 3936 Coro
891 3887 915 3933 1)
1001 3885 1088 3937 Cicero
1103 3887 1135 3936 de
1152 3897 1206 3937 nat.
1227 3888 1296 3937 deor.
1317 3890 1338 3938 ll
1357 3889 1404 3950 32,
1424 3892 1455 3941 81

781 3964 786 3990 1

247 4007 277 4056 lt
297 4005 399 4055 deomm
419 4021 454 4054 ero
469 4020 552 4054 rerum
568 4020 636 4059 corr.
655 4006 687 4054 H
760 4006 900 4055 docerellr
974 4003 1094 4071 volimus]
1115 4009 1151 4056 aio
1169 4008 1227 4058 libri
1241 4009 1339 4073 quidone
1357 4011 1408 4063 Cic.
1428 4010 1529 4060 Lovnbi-

245 4078 326 4131 m'ani,
346 4092 381 4124 eo·
398 4075 531 4126 Prireiuno
547 4076 570 4137 f.
598 4077 742 4138 interpolati
758 4076 875 4126 uolumus
893 4077 952 4125 libri
964 4078 1014 4126 Cic.
1032 4084 1123 4126 tantiam
1140 4094 1189 4126 non
1203 4095 1285 4128 orienes
1304 4079 1431 4130 noluimus
1450 4080 1531 4144 (quod

244 4162 279 4195 ea:
296 4145 463 4210 dittoprupbia
487 4145 605 4193 nolumus
627 4154 651 4194 et
673 4145 783 4194 nolimus
800 4153 878 4194 ortam
896 4147 993 4194 uidetur
1010 4145 1111 4196 Struoio
1128 4151 1173 4196 lat.
1194 4150 1264 4200 Derl.
1282 4166 1305 4197 u.
1325 4150 1396 4213 conj.
1415 4165 1441 4210 ρ.
1463 4152 1529 4208 5321]

245 4217 364 4267 cremor
379 4216 465 4264 Paria.
483 4219 557 4264 ulter.
576 4217 627 4263 ‘sic
641 4228 718 4276 saepe
732 4223 828 4264 veteres
845 4217 1015 4272 Grununutica‘,
1041 4233 1104 4280 prmo
1122 4221 1146 4268 in
1168 4219 1260 4269 vitiatis
1273 4220 1459 4284 exemplaribus
1476 4224 1531 4269 anis

244 4286 332 4335 sordes
350 4287 520 4348 reperissent,
537 4299 585 4346 pro
600 4284 747 4334 arctatum
763 4285 899 4334 oenditmrt’
918 4287 1081 4349 IIeindorlius
1103 4288 1139 4335 ad
1159 4289 1208 4339 Cic.
1232 4291 1249 4338 l.
1274 4292 1305 4342 l..
1325 4291 1390 4353 quod
1407 4305 1454 4337 non
1473 4298 1529 4338 tnn-

244 4363 292 4404 tom
313 4354 349 4403 ad
368 4363 466 4404 veteres
484 4357 656 4418 procuratione
677 4356 805 4416 pertinere
829 4357 900 4406 docet
921 4372 1009 4408 emmor
1033 4356 1132 4407 Kreltlii
1154 4357 1334 4410 rencourt.
1353 4376 1380 4424 p.
1400 4362 1466 4413 422.
1489 4365 1532 4412 eui

245 4425 354 4475 nolimus
372 4426 498 4475 indicativi
512 4424 594 4485 sorana
611 4425 708 4474 videtur
724 4439 780 4474 esse
864 4427 894 4475 15
912 4425 1007 4490 omniu]
1027 4429 1163 4478 duomirm
1182 4427 1207 4476 D
1269 4429 1320 4478 ’16
1338 4428 1418 4479 solent
1436 4456 1468 4463 —
1485 4448 1529 4480 su-

245 4494 364 4559 pradictis
382 4494 442 4543 add.
463 4510 477 4540 r
566 4495 596 4543 lt
615 4492 791 4559 synonymiae]
811 4495 999 4559 dsynonimiae
1017 4497 1042 4544 B
1058 4499 1208 4548 sinonimine
1227 4499 1248 4547 G
1267 4499 1417 4562 synonymia
1435 4498 1459 4547 D

205 4589 208 4593 Α
249 4564 278 4612 nt
307 4563 366 4610 t'ucit
394 4580 438 4612 orn.
472 4564 509 4624 L,
543 4570 601 4626 post
625 4564 761 4614 secundam
786 4579 919 4629 personam
946 4580 1002 4628 nup.
1031 4567 1073 4616 lin.
1102 4567 1162 4618 add.
1191 4567 1212 4616 G
1298 4569 1332 4618 ‘20
1356 4567 1527 4634 diphthongo]

245 4632 375 4696 ‹lyptongir
394 4635 418 4681 J)
442 4633 586 4698 dyptougon
608 4636 630 4684 L
651 4633 808 4698 diptlrongou
827 4635 851 4683 B
919 4634 1043 4684 diceretur
1060 4636 1147 4683 εει-(1
1231 4637 1264 4685 22
1289 4636 1380 4688 lacuum
1401 4640 1530 4699 utromodo

246 4701 372 4749 declinare
390 4702 484 4751 debeas
502 4716 532 4751 ue
551 4702 603 4750 LK
654 4703 760 4768 eidisll
818 4704 851 4753 23
871 4703 1014 4769 opponitur]
1036 4704 1206 4767 kappouitnr
1224 4704 1275 4752 GK
1334 4711 1367 4757 24
1387 4709 1458 4774 ergo]
1480 4711 1530 4773 igi-

246 4781 285 4819 tur
300 4771 407 4821 DHLK
494 4773 527 4822 25
546 4773 611 4820 lucta
630 4784 695 4823 esset
715 4772 731 4819 d
751 4773 846 4821 litterae
865 4773 913 4823 GL
997 4771 1136 4837 turannio]
1159 4774 1177 4820 (1
1193 4775 1273 4822 multu
1290 4777 1313 4822 1)
1402 4777 1526 4843 proedo]

246 4840 338 4905 praedo
357 4840 385 4889 H
400 4839 495 4905 proedo
513 4839 528 4886 b
612 4850 670 4903 post
688 4842 796 4906 proedo
813 4858 868 4906 sqq.
887 4858 963 4907 rosque
979 4843 1075 4906 adpro
1094 4842 1141 4892 cdo
1159 4858 1204 4891 om.
1225 4843 1247 4893 ll
1266 4845 1325 4895 adel.
1345 4862 1360 4893 r
