3322 5484
664 334 777 396 LlBER
796 333 859 394 Vlll
874 340 992 397 37-39
1402 334 1466 395 tut

226 465 248 505 p.
263 451 311 491 tot.
325 450 365 491 1175
379 449 435 501 (8115)
450 450 473 491 P.
1246 464 1268 503 p.
1279 450 1378 492 aar-m
1387 450 1414 492 ll.

175 523 252 602 qrtod
274 523 445 602 plenumque
462 522 626 581 ostenditur
647 521 691 580 vel
712 520 741 580 in
765 520 973 601 principalibus
999 524 1043 583 vel
1070 524 1098 583 in
1124 521 1310 602 paenultimis
1339 523 1466 584 declina·

175 625 261 686 tinnis
284 623 392 697 literis,
414 642 448 683 ex
470 641 527 700 qiua
550 623 636 682 otiam
658 641 802 702 personae
823 631 852 682 et
874 625 987 684 numeri
1007 625 1215 697 dinoscuntur3
1247 624 1298 683 sed
1320 643 1465 703 personae

175 726 290 805 quidem
313 732 342 786 et
363 725 475 784 nnmcri
495 725 524 783 in
544 723 677 784 tinalibus
700 724 805 798 literis,
828 733 956 804 tempora
979 746 1061 800 roro,
1082 734 1114 786 ut
1133 726 1318 798 dictumest,
1339 727 1367 786 in
1384 727 1465 806 prin·

175 827 316 906 cipalilnrs
342 826 385 886 uel
415 826 444 885 in
473 824 668 904 paenultimis.
713 826 825 903 itaque,
854 845 920 886 cum
946 827 1073 888 nominis
1095 827 1249 888 declinatio
1271 827 1300 886 in
1323 830 1380 888 line
1400 828 1464 888 solo

148 937 340 1001 omnicolor,
369 927 447 988 verbi
470 927 550 987 etin
574 928 631 987 line
652 936 682 987 et
704 929 732 988 in
756 929 851 988 medio
874 936 904 988 et
926 929 954 988 in
973 929 1116 1009 principio
1136 925 1140 1010 Ι
1160 927 1332 1007 plerumque
1355 930 1465 991 inreni·

174 1039 221 1090 tur
248 1032 365 1091 moveri.
409 1030 439 1090 in
473 1029 590 1089 nomine
618 1030 694 1089 enim
723 1049 843 1090 casuum
867 1031 1029 1090 differentia
1057 1038 1086 1089 ct
1114 1029 1242 1101 numeri,
1277 1031 1324 1091 liic
1345 1051 1414 1093 vero
1435 1040 1465 1094 ct

174 1132 313 1211 temporis
335 1139 365 1191 ct
386 1149 578 1212 personarum
600 1151 635 1191 ex
656 1131 849 1192 declinatione
870 1131 1034 1192 ostenditur
1055 1130 1217 1190 dillerentia
1240 1141 1269 1193 et
1286 1134 1409 1195 numeri.

258 1237 332 1294 Sunt
363 1234 615 1311 'mitur-tempora
643 1235 712 1308 tria,
742 1254 898 1314 praesens,
935 1232 1122 1313 praeteritum
1150 1241 1179 1292 ct
1210 1234 1366 1303 lututtmm.
1411 1237 1463 1298 sed

173 1336 360 1415 praeteritum
381 1353 482 1395 mrsus
505 1333 641 1396 dividitur
660 1335 691 1395 in
713 1336 782 1408 tria,
810 1336 838 1394 in
861 1334 1048 1414 praeteritum
1078 1335 1295 1414 imperfectum,
1324 1339 1464 1417 praeteri·

136 1459 160 1498 n
173 1445 233 1499 tum
257 1440 433 1517 perlectum,
460 1437 647 1515 praeteritum
670 1437 995 1516 plusquamperlectnm.
1045 1455 1100 1496 neo
1122 1437 1228 1497 mimm
1249 1447 1309 1498 tam
1332 1439 1389 1500 late
1412 1461 1464 1521 pa·

173 1550 233 1600 tere
262 1540 449 1618 praeteritum
478 1546 610 1617 tempus,
644 1559 710 1600 oum
734 1541 763 1599 in
785 1538 917 1599 notitiam
939 1546 1071 1598 nostram
1092 1537 1162 1599 nihil
1186 1538 1229 1598 sic
1252 1540 1422 1602 naturaliter
1446 1562 1463 1603 a

172 1642 259 1718 longo
281 1639 463 1701 saeculorum
482 1640 576 1719 spatio
599 1648 697 1720 potest
717 1641 830 1713 venire,
857 1639 1004 1718 quomodo
1032 1647 1116 1700 aetus
1138 1641 1287 1719 praeteriti
1312 1643 1461 1722 temporis.

171 1745 200 1804 in
230 1743 376 1823 praesenti
407 1742 485 1801 enim
513 1743 666 1802 et-luturo
695 1741 833 1822 pleraque
861 1741 970 1801 incerta
997 1741 1083 1801 nobis
1107 1748 1176 1801 sunt
1197 1743 1463 1822 angustissimaque

172 1853 217 1904 est
238 1864 338 1905 eorum
361 1844 488 1923 cognitio
510 1842 596 1904 nobis
617 1850 647 1903 et
669 1842 756 1904 dubia
778 1843 966 1923 plerumque3
997 1844 1094 1920 itaque
1120 1842 1243 1920 singilis
1270 1843 1389 1906 vocibus
1410 1864 1464 1925 per

137 1969 160 2010 15
174 1948 246 2007 liaeo
267 1947 324 2007 duo
347 1954 480 2025 tempora
506 1945 569 2006 iure
596 1963 700 2006 sumus
724 1947 870 2023 contenti;
904 1946 1035 2025 qrramiis
1057 1940 1158 2005 Gracci
1189 1946 1319 2006 intimem
1346 1964 1463 2026 qnoque

172 2048 330 2109 diuiserunt
350 2048 379 2107 in
402 2041 577 2125 quibusdam
597 2047 693 2108 verbis
712 2048 742 2107 in
765 2048 894 2109 futurum
914 2047 1073 2122 inlinitum,
1100 2055 1133 2108 ut
1154 2041 1304 2124 riipopm,
1326 2056 1356 2109 et
1374 2049 1462 2128 paulo

172 2152 404 2229 postfuturum,
431 2150 507 2227 (prod
536 2156 565 2209 et
585 2149 710 2210 Atticum
739 2149 855 2225 dicunt,
884 2160 918 2213 ut
939 2144 1113 2228 τετύψομαι.
1158 2149 1262 2211 melius
1284 2158 1381 2212 tamen
1404 2152 1463 2213 Ro·

171 2252 248 2311 mani
271 2250 454 2312 considerata
477 2251 566 2313 luturi
586 2258 704 2325 natura,
740 2269 816 2329 quae
844 2254 963 2315 omnino
991 2253 1101 2314 incerta
1126 2261 1186 2327 est,
1216 2251 1342 2332 'simplici
1370 2254 1400 2315 io
1426 2272 1462 2315 eo

171 2373 241 2414 roce
263 2361 384 2414 utuntur
405 2373 460 2414 nec
479 2354 584 2414 liniunt
603 2353 727 2432 spatium
749 2354 848 2415 loturi.

131 2479 159 2519 no
255 2456 310 2516 Est
332 2463 428 2516 autem
447 2455 697 2534 supradictorum
719 2464 883 2536 tcmponrm
913 2457 1055 2536 quaedam
1074 2457 1209 2535 cognatio
1232 2457 1307 2515 inter
1328 2474 1375 2516 so:
1409 2456 1461 2517 sed

27 2540 30 2545 ¹
170 2567 325 2637 oritequam
351 2558 387 2617 de
416 2577 450 2618 ea
480 2557 610 2618 dicamus
631 2558 732 2632 latius,
769 2577 857 2637 snpra
884 2560 959 2620 dicta
989 2566 1165 2638 repetamus.
1210 2566 1326 2637 tempus
1354 2559 1460 2618 accidit
1476 2567 1511 2619 39

170 2660 258 2720 verbo
285 2678 440 2739 praecem,
469 2661 657 2739 praeteritum
687 2666 716 2719 et
744 2661 881 2721 futurum.
926 2660 1057 2738 quamvis
1079 2661 1157 2720 enim
1178 2660 1350 2720 naturaliter
1370 2660 1462 2720 insta·

172 2762 220 2821 niti
243 2760 366 2821 volvitur
387 2770 468 2823 motu
489 2768 518 2820 et
539 2781 607 2841 pars
629 2761 692 2822 eius
713 2762 770 2821 iam
792 2763 956 2841 praeteriit,
979 2781 1047 2842 pars
1070 2761 1216 2838 sequitur,
1239 2768 1337 2821 tamen
1356 2761 1392 2820 ad
1413 2780 1461 2821 or·

172 2864 348 2924 (linationem
374 2871 541 2924 nostrorum
568 2862 680 2924 diversa
705 2872 854 2942 gestorum
876 2873 1007 2943 tempora
1033 2880 1151 2942 quoque
1174 2860 1337 2923 dividimus.
1381 2862 1461 2929 nude
1550 2891 1552 2896 ·

131 2985 158 3027 aa
173 2966 235 3025 iure
256 2966 443 3044 praeteritum
466 2965 494 3025 in
517 2974 576 3026 tres
599 2965 777 3026 differentias
799 2965 949 3046 partimur.
992 2963 1062 3025 nihil
1086 2963 1309 3032 omnicoetum,
1339 2971 1371 3022 ut
1390 2960 1461 3042 dilo

172 3076 232 3128 tum
256 3077 315 3141 est,
337 3067 373 3127 ad
396 3068 526 3128 notitiam
545 3075 675 3128 nostram
698 3074 795 3147 potest
816 3067 929 3140 venire,
953 3085 1038 3144 quam
1060 3073 1141 3143 gesta
1157 3084 1211 3144 per
1225 3064 1371 3124 diversum
1388 3073 1461 3124 tem-

170 3171 250 3249 poris
266 3170 393 3250 spatium
411 3169 567 3250 praeteriti.
612 3168 695 3229 facile
717 3167 795 3228 enim
814 3168 984 3241 dinoscitur,
997 3176 1095 3229 utrum
1116 3167 1208 3227 multo
1222 3173 1290 3226 ante
1309 3186 1346 3226 an
1367 3184 1462 3246 num

238 3340 456 3404 ldeelinationis]
479 3340 726 3392 ddeclinatiooibns
740 3342 768 3390 ni
780 3341 803 3404 s.
822 3340 848 3390 B
933 3336 1170 3402 2nuemeri(e)l.
1255 3338 1341 3400 5th
1358 3351 1460 3386 mouen-

170 3420 223 3459 tur:
243 3412 388 3477 eoningntio
406 3420 490 3463 nutem
509 3420 533 3461 et
550 3412 577 3460 in
595 3412 721 3477 principio
736 3410 796 3460 edd.
816 3410 841 3460 B
860 3418 885 3460 et
903 3409 928 3458 iu
946 3409 1072 3474 principio
1088 3407 1201 3471 HGLK,
1217 3415 1277 3470 poet
1294 3407 1378 3456 uerbi:
1398 3421 1460 3459 uero

169 3482 236 3530 etin
255 3483 382 3546 principio
398 3482 458 3531 add.
476 3497 491 3528 r
559 3489 583 3531 et
599 3482 624 3530 ln
643 3481 770 3547 principio
786 3480 811 3529 1.
831 3482 850 3534 l.
867 3496 914 3530 om.
934 3479 960 3528 K
978 3479 1026 3529 del.
1045 3495 1061 3527 r
1139 3478 1335 3543 ddid'erentiae
1354 3477 1392 3528 er

169 3552 364 3615 ltproetcritnm
384 3550 496 3600 loturum
515 3551 562 3600 GL
639 3551 769 3602 lldiuitur
787 3551 818 3598 ΙΙ
891 3551 985 3600 treaG
1069 3547 1237 3612 inperlectum
1256 3547 1283 3597 B
1363 3546 1392 3596 ll
1414 3561 1460 3597 uo·

169 3623 230 3670 tiam
248 3622 279 3669 ΙΙ
357 3622 388 3670 12
406 3621 565 3686 αοῑηιιεϋιι)
582 3622 606 3671 Il
687 3621 719 3672 13
737 3628 762 3669 et
777 3621 803 3668 in
822 3619 906 3670 futuro
926 3618 974 3669 GL
1027 3618 1244 3693 'prelernquell
1310 3627 1368 3668 aunt
1386 3617 1460 3668 nobis

170 3741 216 3791 ul,
287 3741 580 3809 angustissimaquee(n)
598 3742 651 3792 RH
720 3698 866 3807 1411311110
882 3741 922 3790 nr
990 3697 1073 3791 udins
1088 3739 1132 3788 Hd
1212 3737 1244 3787 15
1262 3737 1334 3803 lurae
1347 3737 1392 3786 Μ

1074 3825 1091 3858 Y
1229 3821 1256 3857 Y!
1317 3820 1421 3879 „tutione

172 3879 203 3930 16
225 3873 368 3945 τύψομαι]
392 3895 503 3930 rinomr
522 3880 551 3929 K
572 3889 681 3987 ripparii
705 3880 728 3931 G
753 3888 869 3949 rroopmr
886 3881 911 3928 in
930 3881 1008 3929 litore
1030 3881 1040 3928 l
1065 3892 1154 3929 mount
1178 3892 1209 3927 rr
1227 3891 1332 3948 cronon„
1419 3875 1461 3926 ar

169 4000 441 4105 prrounrermouan
550 4015 600 4064 pou
636 4000 663 4048 K
743 4001 774 4050 17
792 4001 895 4049 atticum
909 4015 945 4048 ex
962 3998 1073 4048 uotiuum
1089 4013 1157 4050 corr.
1176 3995 1205 4044 H
1289 3987 1480 4068 rerdpopeuJ·

174 4131 347 4186 srarrowun
365 4121 404 4171 Ην
423 4130 556 4171 etrnonur
571 4121 592 4171 G
610 4134 728 4170 eruorem
748 4120 777 4169 H
793 4135 894 4171 rreum
912 4117 942 4168 K
957 4133 1075 4170 annom
1093 4121 1118 4168 in
1136 4117 1237 4166 litteral
1307 4111 1339 4164 18
1356 4110 1457 4177 natura]

169 4242 265 4290 ratione
284 4243 307 4290 Ι)
377 4242 409 4292 lu
427 4201 513 4291 flnilnt
531 4241 557 4291 K
632 4241 748 4307 spacium
765 4241 796 4288 H
866 4238 900 4288 20
918 4245 1061 4303 temporum
1078 4240 1102 4286 in
1119 4253 1165 4301 nep.
1183 4233 1277 4284 add.b
1347 4191 1459 4298 cognitio

170 4311 194 4358 K
264 4313 329 4361 inter
347 4328 375 4361 se
392 4313 454 4362 add.
476 4312 493 4360 lc
514 4327 520 4338 ·
566 4313 598 4362 21
615 4310 647 4360 de
666 4308 707 4374 ee]
726 4310 774 4360 dee
791 4309 816 4358 B
891 4307 1015 4358 dieamus.
1035 4308 1109 4357 latius
1128 4304 1275 4371 supradicta
1292 4302 1316 4352 R
1333 4301 1458 4354 dicamus.

170 4382 256 4431 lintius
274 4383 421 4447 supradicta
438 4383 583 4456 puppo—dirui
599 4380 630 4428 H
702 4386 863 4444 reppetamus
882 4377 906 4425 L
979 4376 1077 4426 accedit
1096 4376 1123 4424 K
1191 4375 1226 4424 22
1244 4386 1462 4448 praeoccupo-roe:
1538 4444 1541 4450 Ι

168 4534 228 4598 aens
243 4520 273 4568 H
338 4528 362 4569 et
379 4519 502 4586 launum]
521 4520 540 4568 d
556 4518 667 4568 loturum
684 4514 815 4566 DHGLK
882 4470 1002 4564 instabdli
1016 4512 1056 4562 nr
1124 4511 1159 4564 23
1175 4517 1245 4561 motu
1263 4508 1375 4601 uoluitur
1384 4508 1460 4560 GLK
1528 4538 1535 4549 ·

238 4657 288 4705 iam
306 4658 362 4708 eins
381 4658 407 4706 K
487 4655 607 4734 praeterit
623 4653 674 4704 GK
750 4654 784 4703 24
800 4643 920 4758 ’ξίιιιξξαεα
934 4641 1094 4700 ''nostrornm
1113 4650 1137 4698 Ι,
1217 4591 1329 4697 dinliirus
1347 4644 1390 4695 Hd

169 4779 202 4826 25
218 4735 328 4842 pdtimnr
346 4780 390 4828 Dd
458 4744 602 4828 dictum⁰od
617 4775 659 4825 Bt
728 4773 763 4824 26
780 4772 875 4825 diuersi
894 4773 919 4822 h
987 4773 1020 4822 27
1039 4771 1106 4820 euim
1122 4771 1171 4819 trin
1188 4777 1305 4835 tempora
1322 4768 1460 4819 dinoscun-

170 4859 209 4895 tut·
226 4864 241 4895 Γ
