3322 5484
219 380 312 438 ,ιιιιι
781 355 990 418 cassusne

236 545 318 633 ipsis
331 543 382 606 his
395 548 428 625 et
441 535 575 623 reliquis
584 536 745 601 Prisciani
760 536 854 604 libris
867 539 968 604 addet
976 538 1160 605 Guilelmus
1168 538 1448 608 Hirschfelderus.
1466 545 1541 610 ubi·

237 666 375 732 cumque
402 651 512 704 tamen
536 637 589 702 vel
612 641 726 703 critica
748 640 909 724 quaedam
931 640 1109 705 difficultas
1127 641 1182 705 vel
1203 645 1351 730 quaestio
1375 645 1537 731 quaedam

236 748 279 812 ad
291 746 401 811 literas
417 750 569 828 spectans
582 743 884 828 interpretationem
906 743 1049 828 aliquam
1063 746 1308 829 grammaticam
1330 746 1384 811 vel
1407 746 1538 813 histori-

234 872 305 914 cam
328 845 502 931 exigebat,
531 841 642 908 verbis
663 866 728 907 non
750 847 870 909 anxius
892 846 1041 931 peperci,
1077 843 1140 910 sed
1157 845 1317 934 Syrianae
1338 850 1435 914 istius
1464 873 1537 915 sen-

235 954 356 1017 tcntiae
380 969 518 1012 memor:
1410 969 1412 974 ·

449 1051 584 1136 Semper
602 1049 693 1113 vocis
716 1056 749 1110 et
770 1047 881 1111 silenti
901 1057 1193 1134 temperamentum
1215 1059 1290 1115 tene
1386 1122 1389 1131 Ι

233 1157 358 1239 addidi,
383 1175 465 1241 quac
488 1151 646 1215 lectorum
670 1150 848 1214 commodis
870 1159 1083 1267 prospectura
1103 1173 1175 1215 esse
1194 1163 1354 1239 putarem.
1390 1155 1535 1242 quaeda

235 1257 449 1348 scriptoribus
472 1272 494 1317 a
513 1253 683 1317 Prisciano
704 1251 846 1316 laudatis
867 1254 989 1339 passim
1008 1252 1183 1317 adicienda
1206 1262 1308 1336 crant,
1329 1256 1434 1341 primo
1456 1278 1535 1342 quo-

234 1386 335 1454 que,
347 1383 410 1450 quo
432 1353 554 1442 singuli
584 1356 812 1437 nominantur,
843 1354 913 1420 loco
934 1355 1041 1418 attuli.
1086 1354 1129 1417 ad
1149 1362 1267 1418 notas
1291 1357 1497 1421 criticas
1488 1381 1535 1420 ιιι-

232 1461 437 1551 tellegenclas
460 1481 501 1522 nc
522 1456 649 1544 Oedipo
668 1478 750 1544 opus
768 1449 866 1541 esset,
882 1457 995 1522 sedulo
1015 1459 1100 1522 cavi.
1132 1456 1332 1521 monendum
1350 1466 1460 1521 tamen
1473 1467 1534 1540 est,

233 1593 307 1637 cum
329 1564 561 1630 asteriscos
580 1558 715 1622 totidem
740 1559 851 1630 literas
872 1558 925 1624 vel
941 1559 1065 1624 deletas
1087 1558 1140 1623 vel
1163 1580 1274 1623 erasas
1290 1568 1419 1641 notare,
1441 1557 1535 1621 lite·

233 1694 298 1737 ras
326 1665 519 1732 inductas
546 1659 635 1723 illis
657 1664 923 1748 postpositas
945 1683 1019 1745 eas,
1053 1682 1137 1747 quae
1162 1668 1239 1724 ante
1272 1660 1533 1725 emendationem

234 1772 288 1839 uel
303 1770 435 1832 lituram
456 1763 631 1845 adfuerint,
652 1772 721 1825 tum
737 1772 873 1826 notam
890 1764 1051 1828 codicis
1074 1761 1255 1828 alicuius
1277 1761 1421 1826 addita
1437 1770 1534 1825 nota

234 1889 373 1935 manus
396 1864 608 1931 secundae
631 1863 822 1928 ciusdem
846 1865 941 1928 libri
965 1865 1138 1944 denotare,
1160 1884 1217 1945 ea,
1240 1885 1325 1950 quae
1345 1864 1380 1928 in
1394 1864 1532 1927 lectione

233 2006 334 2070 allata
352 2026 395 2068 ex
415 1999 640 2066 emendatione
663 1998 810 2085 profecta
833 2001 909 2084 sint,
931 2001 1026 2067 alteri
1048 2003 1159 2076 manui
1182 2000 1311 2086 deberi,
1335 1999 1438 2068 veluti
1459 1961 1533 2085 ‘ip

232 2123 343 2249 podiiit
363 2163 421 2221 Rr’
443 2153 623 2240 significat,
644 2175 694 2239 pr.
717 2173 758 2214 m.
776 2152 848 2216 cod.
871 2155 899 2214 R
918 2154 1088 2220 lectionem
1110 2161 1287 2246 ‘apposuit’
1307 2157 1349 2223 ab
1371 2156 1476 2221 altera
1497 2155 1533 2218 in

812 2253 861 2293 dem

232 2316 419 2401 ‘opponere’
442 2315 601 2371 mutatam
623 2327 712 2387 esse,
734 2305 817 2405 ‘eius
865 2309 924 2369 Rr'
943 2332 992 2394 pr.
1017 2331 1060 2374 m.
1084 2312 1180 2376 ‘cius'
1198 2312 1373 2398 praebere,
1395 2310 1533 2378 alteram

232 2432 364 2496 ‘eidem'
388 2426 465 2492 inde
481 2426 640 2490 effecisse.
686 2423 743 2486 ubi
765 2425 873 2510 aptius
896 2425 1088 2513 videbatur,
1115 2430 1264 2517 inprimis
1288 2430 1346 2496 ubi
1373 2430 1532 2498 alterutra

231 2553 349 2598 manus
382 2552 457 2594 cum
490 2529 564 2593 aliis
594 2527 688 2591 libris
714 2523 931 2610 congruebat,
963 2526 1189 2617 discrepantes
1219 2534 1389 2622 utriusqne
1414 2555 1531 2596 manus

232 2635 390 2705 lectiones
411 2640 579 2718 separatas
598 2628 704 2717 posui.
750 2628 797 2690 sic
820 2626 918 2690 ctiam
938 2628 974 2691 in
988 2627 1189 2696 librorum
1210 2635 1461 2722 compendiis
1478 2632 1531 2700 cel

232 2734 450 2824 depingendis
471 2731 524 2798 vel
544 2730 650 2819 plenis
670 2727 775 2795 literis
799 2730 1020 2817 exprimendis
1044 2734 1131 2818 quod
1153 2736 1259 2800 cuivis
1286 2737 1356 2800 loco
1377 2737 1531 2801 conveni·

229 2839 436 2904 entissimum
451 2833 619 2900 videretur
633 2831 944 2920 repraesentandum
967 2834 1093 2899 curavi.
1138 2836 1334 2924 ubicumque
1348 2859 1425 2902 vero
1444 2839 1531 2901 inter

231 2941 340 3005 varias
363 2937 519 3003 lectiones
543 2932 613 3021 sola
626 2956 676 2998 m.
697 2934 836 2998 alicuius
859 2932 1021 2996 secundae
1040 2944 1118 2999 nota
1138 2948 1322 3025 comparet,
1344 2939 1433 3025 prior
1455 2960 1529 3001 eum

230 3041 371 3106 lectione
392 3048 524 3125 recepta
542 3037 711 3119 congruit3
737 3035 793 3099 ubi
812 3043 922 3098 tamen
941 3034 989 3098 illi
1011 3037 1064 3100 vel
1085 3043 1140 3100 ‘ex
1157 3049 1253 3103 corr.'
1276 3041 1329 3106 vel
1350 3042 1398 3104 ‘in
1417 3039 1530 3103 litura’

231 3142 378 3206 additum
399 3150 468 3220 cst,
486 3137 566 3224 quid
587 3158 636 3222 pr.
659 3159 701 3198 m.
722 3137 879 3222 scriptum
899 3136 1017 3200 fuisset
1039 3138 1188 3222 dignosci
1216 3161 1282 3205 non
1303 3143 1420 3228 potuit.
1457 3163 1528 3204 un-

233 3241 337 3329 cini]
371 3251 467 3305 nota
491 3247 565 3325 post
591 3236 763 3302 lectionem
789 3236 932 3321 aliquam
959 3239 1066 3323 posita
1086 3241 1225 3322 indicat,
1260 3264 1332 3306 eam
1360 3245 1407 3308 sic
1430 3264 1531 3328 supra

231 3341 309 3429 legi.
355 3363 438 3428 quae
453 3340 549 3404 lectio
577 3341 624 3404 ita
646 3361 773 3426 semper
800 3337 948 3402 firmatur
968 3339 1010 3401 iis
1033 3341 1138 3424 cedd,
1162 3365 1299 3431 quorum
1322 3345 1413 3410 varia
1430 3344 1530 3408 lectio

118 3477 125 3489 ·
230 3445 345 3509 addita
370 3465 437 3507 non
463 3451 528 3525 cst,
550 3451 599 3520 ¹ut
627 3449 660 3504 et
684 3440 798 3505 literae
825 3463 845 3502 v
869 3440 903 3502 in
924 3438 1019 3505 codd.
1039 3441 1231 3533 plerumque
1259 3470 1318 3534 per
1338 3469 1360 3510 u
1381 3445 1529 3510 vocalem

231 3541 407 3633 expressae
430 3552 463 3607 et
479 3542 645 3606 literarum
666 3539 841 3605 initialium
864 3541 1022 3605 maiorum
1045 3546 1250 3612 minorumvc
1271 3548 1318 3613 ibi
1340 3544 1530 3612 indicanda-

231 3669 303 3713 rum
325 3646 484 3709 rationem
502 3668 569 3709 non
586 3643 767 3708 habuerim.
813 3641 847 3704 id
867 3643 966 3705 etiam
988 3643 1177 3710 addendum
1197 3658 1257 3732 est,
1279 3652 1314 3714 in
1329 3648 1423 3712 libris
1444 3649 1526 3711 meis

231 3747 383 3814 omnibus
414 3747 573 3812 Graeca
607 3745 711 3809 literis
741 3741 931 3806 maiusculis
970 3744 1040 3807 sine
1068 3749 1260 3814 accentibus
1293 3750 1416 3836 scripta
1442 3770 1526 3812 esse.

232 3851 376 3917 itidem
368 3873 403 3913 m
423 3848 564 3929 Latinis,
586 3845 644 3910 ubi
667 3845 826 3911 exsensu
851 3843 1015 3908 Prisciani
1038 3846 1209 3914 addendae
1228 3860 1330 3935 erant,
1351 3854 1450 3916 tacite
1472 3851 1529 3915 ad-

231 3953 303 4018 didi
332 3962 364 4017 ct
386 3948 641 4047 quantitatis
671 3956 704 4011 et
730 3951 970 4009 accentuum
997 3957 1129 4032 notas,
1160 3975 1296 4037 quarum
1323 3954 1465 4038 vestigia
1494 3955 1529 4016 in

231 4057 325 4121 libris
357 4076 430 4119 raro
461 4061 629 4140 apparent.
688 4041 938 4137 paragraphi
969 4045 1224 4117 Krehlianae
1258 4066 1409 4121 servatae
1442 4065 1528 4138 sunt,

231 4159 476 4246 paginarum
496 4164 529 4219 et
549 4151 897 4217 Putschianarum
917 4155 950 4209 ct
965 4147 1284 4219 Krehlianarum
1298 4156 1477 4219 numeris
1493 4157 1528 4218 in

232 4262 397 4347 superiore
420 4255 624 4344 singularum
646 4255 839 4342 paginarum
859 4250 1007 4333 margine
1026 4251 1233 4318 adiectis:
1223 4279 1258 4319 ιιι
1275 4255 1348 4344 ipso
1371 4265 1529 4321 contextu

231 4362 292 4426 hae
314 4361 455 4448 simplici
475 4356 596 4423 lineola
613 4354 620 4440 l
646 4405 654 4440 ,
676 4353 753 4419 illae
770 4350 894 4439 duplici
909 4350 923 4435 {l
938 4349 1124 4418 distinctae.

318 4463 414 4542 Quod
442 4462 484 4527 ad
512 4455 850 4544 orthographiam
875 4453 1016 4540 denique
1038 4456 1156 4520 attinet
1177 4457 1212 4521 in
1232 4457 1416 4523 scribendis
1446 4458 1528 4524 locis

232 4562 424 4648 scriptorum
448 4573 481 4627 et
506 4585 526 4626 a
554 4560 723 4624 Prisciano
744 4560 814 4645 ipso
834 4557 998 4641 excerptis
1019 4565 1052 4619 et
1081 4578 1124 4619 ex
1143 4555 1280 4621 aliomm
1299 4547 1528 4645 grammatico-

229 4685 302 4727 rum
324 4662 450 4726 artibus
469 4662 638 4727 translatis
657 4658 908 4745 orthographiae
932 4656 1120 4720 vetustioris
1145 4659 1298 4742 vestigia,
1329 4661 1526 4748 ubicumque

231 4787 271 4830 ea
290 4763 510 4844 offendebam,
534 4761 687 4846 religiose
702 4759 849 4839 servavi;
869 4780 928 4843 per
946 4757 1106 4821 Prisciani
1126 4756 1229 4822 verba
1250 4762 1382 4846 regulas
1397 4761 1527 4848 abipso

228 4867 308 4931 satis
331 4862 425 4952 plene
447 4863 630 4951 propositas
655 4871 787 4929 secutus
809 4878 897 4940 sum,
930 4855 1089 4921 librorum
1109 4860 1270 4924 varietate
1291 4861 1413 4949 ubique
1441 4863 1527 4927 indi-
