3322 5484
704 355 912 418 antelmo
1363 377 1457 419 xxvun

150 547 187 603 et
207 540 306 624 quasi
331 560 390 625 per
406 480 585 603 iatrocinia
606 541 727 627 scripta
748 539 823 603 aliis
846 541 1084 627 subripientes,
1117 541 1216 604 unius
1242 541 1386 603 nominis
1413 540 1456 604 ad

150 639 286 704 titulum
316 642 512 726 pertinentis
541 640 678 705 infanda
705 643 902 724 mutatione,
938 644 1039 706 totius
1066 643 1175 727 operis
1203 643 1237 704 in
1260 665 1295 706 se
1316 642 1455 727 gloriam

151 742 336 807 transferre
363 749 571 805 conarentur’
600 754 797 830 conquestus
827 753 878 807 ast
899 744 1090 807 Priscianus
1106 744 1150 806 ¹⁰⁸.
1210 744 1316 829 ipsum
1347 752 1456 807 autem

154 844 218 908 boc
240 865 324 930 opus
346 842 502 907 ‘doctoris
523 844 614 908 urbis
641 845 764 909 Romae
787 845 1183 932 Constantinopolitanae
1205 867 1249 908 ex
1270 843 1390 908 scholis
1415 844 1456 909 de

151 955 226 1009 arte
253 946 469 1030 grammatica
496 943 540 1009 ab
568 968 605 1010 ec
635 945 757 1011 habitis
785 950 832 1012 ita
859 947 1043 1034 profectum
1066 968 1138 1010 esse
1160 943 1316 1028 arbitror,
1352 955 1389 1009 ut
1417 967 1456 1010 ea

153 1037 240 1133 quae
262 1049 298 1110 in
316 1046 447 1111 schedis
468 1047 625 1111 adnotata
642 1047 778 1112 baberet
799 1057 1022 1135 componeret,
1055 1049 1281 1130 concinnaret,
1313 1047 1456 1133 explica·

154 1155 224 1229 ret,
250 1158 397 1233 augeret.
442 1147 562 1235 quibus
585 1149 725 1215 fortasse
752 1152 837 1235 inter
858 1150 1111 1215 describendum
1130 1147 1197 1212 alia
1215 1171 1259 1213 ex
1280 1149 1337 1230 iis,
1372 1169 1457 1235 quae

153 1272 215 1336 per
234 1248 363 1314 scholas
381 1271 402 1312 a
421 1248 592 1314 Prisciano
610 1251 740 1317 habitas
762 1252 905 1317 notando
926 1252 1003 1315 olim
1025 1260 1220 1329 consecutus
1248 1260 1336 1332 erat,
1366 1251 1457 1314 addi·

154 1351 206 1415 dit
236 1350 439 1417 Theodorus.
498 1354 545 1417 ita
580 1356 684 1419 oratio
721 1377 818 1441 saepe
854 1353 1123 1417 adnotationibus
1155 1362 1189 1417 et
1224 1352 1458 1438 additamentis

154 1453 280 1534 incisa,
302 1453 413 1539 qualia
434 1476 493 1519 nos
508 1456 544 1519 in
558 1456 732 1520 inferiores
749 1456 944 1542 paginarum
958 1455 1123 1539 margines
1139 1455 1281 1519 solemus
1295 1458 1457 1520 conicere.

154 1564 289 1641 praeter
304 1556 386 1619 haec
414 1565 522 1620 autem
542 1559 578 1622 in
599 1555 692 1622 libris
711 1560 832 1622 nostris
854 1555 944 1620 haud
964 1577 1039 1619 raro
1060 1556 1127 1619 alia
1148 1558 1342 1643 interposita
1367 1559 1458 1622 inve-

154 1659 310 1740 niuntur,
341 1679 424 1744 quae
453 1680 497 1722 cx
523 1661 746 1746 proximorum
774 1656 978 1722 saeculorum
1006 1657 1125 1730 studiis
1153 1657 1352 1723 Priscianeis
1385 1667 1458 1724 orta

156 1757 331 1838 videntur,
356 1761 513 1825 orationis
535 1762 825 1847 interpretamenta
845 1769 878 1823 et
900 1758 1189 1846 amplificationes,
1223 1782 1321 1847 saepe
1343 1760 1396 1826 vel
1419 1782 1458 1824 eo

156 1858 448 1946 deprehendenda,
470 1862 558 1949 quod
578 1864 613 1927 in
633 1883 699 1926 unc
714 1861 860 1957 alterove
880 1861 992 1925 codice
1008 1867 1066 1924 aut
1083 1862 1215 1925 omnino
1234 1863 1356 1926 omissa
1371 1871 1457 1944 sunt,
1554 1910 1556 1915 -

157 1970 194 2023 ut
218 1963 253 2025 in
276 1963 458 2046 marginem
479 1962 669 2028 inferiorem
683 1966 768 2028 inter
790 1961 1018 2026 adnotationes
1039 1984 1078 2026 ea
1096 1964 1245 2027 conicere
1260 1962 1384 2044 liceret,
1401 1971 1459 2027 aut

157 2065 244 2126 inter
272 2063 378 2127 lineas
405 2063 519 2128 addita
551 2072 608 2128 aut
638 2073 805 2151 tamquam
824 2062 963 2149 ‘glosae'
993 2071 1105 2128 notata
1124 2064 1297 2128 uncinisve
1319 2064 1457 2128 inclusa.

158 2165 240 2228 haec
262 2165 364 2249 igitur
386 2174 423 2229 ut
445 2186 466 2228 a
487 2167 639 2251 genuinis
657 2186 865 2250 segregarem
885 2166 1004 2229 uncis
1022 2166 1256 2254 quadratis,
1278 2162 1459 2230 adnotatio-

157 2289 217 2331 nes
239 2266 315 2330 illas
334 2268 452 2331 uncis
475 2267 661 2331 rotundis
683 2266 816 2348 induxi,
850 2265 937 2330 baud
960 2269 1111 2352 ignarus,
1126 2265 1133 2274 ’
1148 2270 1256 2333 omnia
1282 2267 1363 2330 baec
1391 2277 1460 2330 tam

157 2368 286 2434 lubrica
304 2391 388 2451 esse,
410 2376 457 2452 ut,
478 2377 587 2432 utrum
601 2368 682 2455 quid
704 2369 808 2454 ipsius
826 2370 984 2432 orationis
997 2372 1102 2434 tenori
1118 2369 1327 2435 inserendum
1343 2391 1385 2432 an
1396 2369 1460 2432 cir-

157 2470 442 2552 cumcludendum,
462 2479 600 2534 utruma
611 2470 780 2540 Prisciano
793 2479 825 2533 et
832 2471 904 2556 ipso
911 2471 1034 2535 saeculi
1050 2474 1136 2536 sexti
1145 2472 1339 2537 scholastico
1347 2472 1459 2536 eiusve

158 2572 321 2660 discipulo
333 2572 515 2659 profectum
528 2594 572 2636 an
586 2594 606 2635 a
617 2573 786 2658 proximae
798 2572 916 2635 aetatis
931 2572 1119 2639 doctoribus
1134 2574 1283 2639 additum
1296 2575 1348 2651 sit,
1363 2595 1460 2660 saepe

157 2696 260 2740 sensu
280 2676 388 2759 magis
409 2675 550 2762 quodam
572 2695 670 2758 quam
688 2673 781 2738 firmo
802 2672 977 2758 stabilique
999 2675 1121 2739 iudicio
1142 2676 1249 2760 possit
1268 2676 1424 2740 discerni.

245 2776 383 2840 Praeter
402 2776 542 2861 glossas,
566 2795 648 2860 quae
667 2784 793 2839 mattne
815 2775 850 2837 in
864 2775 937 2860 ipsa
959 2778 1127 2862 scriptoris
1144 2777 1247 2841 verba
1260 2779 1458 2863 irruperunt,

160 2880 248 2943 aliae
269 2877 313 2942 ab
335 2877 386 2941 his
409 2876 557 2941 seclusae
579 2876 634 2942 vel
656 2879 741 2943 inter
762 2877 866 2941 lineas
887 2877 941 2940 vel
961 2877 997 2940 in
1012 2877 1216 2961 marginibus
1239 2878 1387 2941 codicum
1409 2900 1459 2941 re·
1515 2895 1518 2900 '

161 2990 364 3046 manserunt.
409 2987 445 3042 at
461 2979 498 3042 in
515 2978 666 3054 omnibus
688 2979 756 3062 bis,
790 2987 948 3066 quotquot
967 2980 1116 3066 inspexi,
1137 2980 1301 3065 genuinae
1322 2978 1460 3043 solidae·

161 3105 225 3171 que
250 3083 418 3147 doctrinae
446 3082 590 3165 vestigia
615 3102 776 3167 nusquam
797 3082 866 3146 fere
887 3090 1060 3169 apparent,
1096 3089 1133 3145 ut
1151 3081 1249 3164 nugis
1268 3081 1319 3145 his
1340 3081 1460 3145 librum
1484 3123 1493 3139 .

159 3209 219 3273 per
241 3207 278 3248 se
300 3185 381 3248 satis
403 3184 544 3270 spissum
567 3202 702 3247 onerare
721 3183 892 3249 noluerim.
935 3182 1051 3247 talium
1070 3182 1267 3247 scholiorum
1285 3203 1403 3269 corpus
1418 3203 1461 3244 ex
1491 3263 1496 3268 .

161 3285 461 3374 interpretamentis
484 3283 671 3369 Scotorum,
695 3284 841 3368 Donato,
865 3285 996 3367 Servic,
1020 3284 1139 3367 Paulo,
1163 3284 1273 3369 Beda,
1296 3285 1371 3348 aliis
1385 3305 1461 3348 con·

161 3390 364 3453 sarcinatum
382 3388 416 3422 ¹⁰⁸
436 3393 527 3449 extat
546 3386 581 3449 in
602 3387 675 3451 cod.
698 3389 886 3452 monasterii
910 3387 1132 3453 Einsidlensis
1163 3410 1196 3451 n.
1219 3388 1259 3449 32
1289 3407 1373 3450 saec.
1396 3384 1459 3467 XI,

162 3489 300 3554 membr.
306 3538 316 3572 ,
336 3488 460 3554 formae
482 3495 545 3552 oct.
589 3498 660 3552 tum
680 3489 715 3552 in
739 3488 901 3575 quaedam
924 3490 1013 3554 dicta
1032 3489 1196 3553 Prisciani
1217 3487 1461 3552 commentario-

161 3592 229 3656 lum
257 3611 301 3656 ex
333 3589 505 3654 Scotorum
538 3588 713 3676 disciplina
740 3589 924 3677 proiectum
952 3591 1107 3655 laudatur
1131 3593 1272 3655 auctore
1289 3589 1461 3655 Sedulio
1507 3658 1511 3665 ,

162 3694 303 3776 Scoto,
333 3691 390 3779 qui
417 3689 541 3755 saeculi
561 3692 640 3754 noni
661 3691 756 3756 initio
778 3691 899 3771 dicitur
920 3694 1044 3759 vixisse
1057 3695 1101 3756 ¹¹⁰.
1158 3693 1313 3758 similium
1343 3693 1459 3757 Ioan-

162 3795 228 3856 nis
250 3792 364 3857 Scoti
386 3791 568 3857 studiorum
583 3795 773 3857 memoriam
796 3815 895 3877 supra
916 3817 948 3882 p.
971 3793 1078 3858 XIIII
1100 3795 1330 3859 excitavimus.

237 4001 293 4054 tos.
301 4016 344 4067 ep.
356 4001 390 4051 etl
402 4001 527 4051 Iulianum
537 4001 579 4065 §3
634 3999 684 4053 109
696 4016 722 4055 v.
733 4001 809 4051 modo
824 4001 904 4058 schol.
913 4001 957 4053 lib.
974 4003 995 4052 ll
1004 4004 1030 4065 S.
1042 4002 1076 4054 58
1088 4002 1158 4068 (cod.
1172 4019 1199 4069 p.
1211 4001 1272 4065 28):
1291 4001 1413 4050 ‘Lacuna
1427 3999 1464 4049 al-

164 4090 247 4142 titudo
257 4089 317 4139 tecti
327 4088 349 4138 li
360 4096 385 4138 et
397 4087 489 4137 lacuna
501 4089 532 4138 di
544 4094 569 4137 et
582 4089 708 4138 contraria
721 4096 779 4139 sunt
790 4088 858 4138 laeui
868 4089 906 4139 sic
918 4091 1001 4139 scotti.
1027 4090 1118 4139 lacuna
1128 4092 1155 4139 ·i·
1164 4091 1199 4152 'aq
1208 4105 1224 4138 u
1235 4089 1291 4138 lacu
1304 4065 1401 4137 diriust’
1412 4089 1463 4148 qui

163 4176 211 4226 alii
222 4175 282 4225 leni
292 4172 337 4224 alii
350 4173 431 4224 tusus
440 4173 536 4223 dicum.
546 4175 585 4224 sic
594 4174 698 4239 paulus’
709 4172 748 4240 (p.
758 4175 817 4234 111,
826 4174 843 4225 8
851 4174 951 4239 Muell.)
1015 4175 1065 4227 110
1076 4191 1099 4224 v.
1111 4174 1246 4226 Baebrium
1257 4173 1347 4224 Gescb.
1359 4174 1385 4226 d.
1397 4175 1462 4224 rim.

164 4261 216 4312 tu.
234 4265 271 4313 im
288 4260 417 4326 karoliug.
434 4260 554 4312 Zeitalter
569 4277 597 4327 p.
617 4259 669 4312 365
686 4275 725 4323 sq.
744 4258 802 4310 coll.
823 4261 1027 4313 tamenWaitzIo
1042 4260 1109 4314 tht.
1128 4261 1180 4326 gel.
1191 4261 1257 4308 Anz.
1278 4257 1344 4309 1841
1363 4258 1462 4323 past.

164 4357 235 4398 extat
255 4348 307 4398 boc
321 4346 564 4406 commentariolum
587 4347 613 4396 in
637 4346 695 4399 cod.
717 4344 790 4399 Leid.
817 4348 891 4399 Voss.
916 4349 986 4399 l'di
1004 4362 1037 4396 ex
1055 4347 1116 4397 bibl.
1135 4346 1257 4410 Scabing.
1278 4342 1394 4410 prolecto
1413 4343 1461 4411 (cl.

164 4433 312 4500 catalogum
330 4431 394 4487 bibl.
412 4432 487 4483 Leid.
506 4432 612 4497 saeplus
629 4433 647 4482 1.
666 4447 693 4498 p.
712 4433 787 4499 373).
822 4433 848 4482 in
875 4434 1016 4483 inventano
1040 4446 1140 4495 qnoque
1162 4430 1332 4481 bibliothecae
1354 4430 1464 4498 Sangal-

165 4518 246 4568 lennis
263 4534 288 4567 ι.
309 4517 374 4570 1461
394 4520 465 4585 apud
482 4519 681 4570 Weidmannnm
700 4519 719 4572 1.
738 4535 761 4569 c.
781 4535 807 4584 p.
827 4519 878 4570 421
903 4518 1022 4569 laudatur
1042 4519 1111 4568 idem
1134 4518 1369 4567 commentariolum
1387 4520 1409 4568 tt
1429 4516 1464 4570 23

163 4620 195 4653 ac
213 4604 337 4655 schedula
355 4606 470 4656 eiusdem
488 4605 591 4656 titulum
608 4606 740 4656 continens
758 4605 918 4670 agglutinata
936 4612 974 4654 est
990 4611 1136 4671 tegumento
1154 4603 1211 4655 cod.
1223 4603 1308 4654 Turia.
1327 4604 1466 4681 037s‘280

165 4689 211 4754 (cl.
230 4703 293 4741 eun.
312 4689 360 4753 23)
378 4707 412 4741 ex
430 4692 494 4747 bibl.
514 4690 676 4758 Sangallensi
695 4688 819 4755 proiecti:
844 4693 930 4756 ipsum
953 4699 1037 4741 tamen
1062 4688 1176 4739 codicem
1195 4689 1361 4754 perlustrans,
1373 4694 1399 4742 in
1417 4691 1467 4741 ltoe

166 4775 321 4839 opuseulum
340 4790 390 4826 uon
408 4777 497 4827 incidi.
515 4805 528 4817 ·
551 4778 626 4828 llores
644 4777 769 4828 Prisciani
793 4784 879 4826 servat
900 4776 1016 4843 libellus,
1044 4776 1112 4840 quod
1137 4773 1299 4842 ‘scalprum'
1324 4778 1416 4827 dicitur
1440 4789 1465 4824 v.

145 4935 148 4938 ⁴
167 4861 225 4911 cod.
246 4860 310 4912 bibl.
326 4860 398 4926 publ.
418 4861 491 4914 Lete.
509 4877 536 4918 n.
557 4863 607 4914 154
625 4862 736 4929 catalog.
755 4861 773 4913 l.
793 4877 822 4928 p.
841 4859 891 4914 331
908 4871 956 4914 etc.
