3322 5484
684 336 892 400 PRAEFATIO
1380 360 1436 401 vnn

134 546 215 613 quas
232 533 310 613 post
332 525 414 590 alios
421 526 445 562 ’⁴
464 523 639 588 ediderunt
654 531 687 586 et
701 530 938 586 enarraverunt
954 519 1109 585 Osannus
1121 523 1145 556 ²⁵
1161 529 1194 584 et
1208 519 1389 586 Lerschius
1401 525 1435 607 ²⁸,

135 627 327 716 plenissime
347 636 446 713 atque
467 626 714 689 accuratissime
733 622 871 687 Iahnius
883 626 917 687 ²'.
1406 698 1408 703 ,

220 728 411 793 Studiorum
431 727 467 790 in
486 725 694 790 Priscianum
715 722 906 789 collatorum
927 733 960 789 et
981 724 1203 806 auctoritatis,
1238 748 1303 812 qua
1325 729 1437 792 statim

134 852 213 895 usus
248 838 315 911 est,
345 838 462 893 testem
489 833 620 915 praeter
645 825 853 891 Theodorum
885 834 917 889 et
939 824 1175 890 cassiodorum
1206 830 1341 892 tertium
1362 852 1436 916 pro-

136 932 212 997 dere
235 932 313 995 lieet
327 929 557 1016 Eutychem
574 907 645 994 iive
660 927 926 1013 Eutychiani,
949 927 1005 1012 qui
1026 929 1160 991 summis
1181 949 1256 992 cum
1275 930 1435 996 extollens

135 1032 289 1097 laudibus
312 1030 510 1118 discipulum
532 1032 603 1094 eius
626 1052 661 1093 se
684 1050 756 1092 esse
774 1027 945 1114 profitetur
961 1036 1023 1091 art.
1045 1027 1085 1092 de
1110 1028 1201 1094 verb.
1225 1029 1242 1093 I
1267 1034 1280 1092 l
1291 1079 1301 1111 ,
1327 1032 1391 1094 8¹³.

220 1132 403 1219 Exemplar
432 1141 542 1197 autem
570 1154 613 1196 ex
644 1130 808 1196 Theodori
833 1130 1008 1216 archetypo
1035 1128 1234 1216 descriptum
1268 1129 1435 1198 Aldhelmi

137 1236 179 1322 (i
201 1235 284 1320 700)
307 1242 416 1298 aetate
435 1234 471 1296 in
492 1232 700 1297 Britanniam
723 1231 912 1312 devenisse,
935 1239 1065 1296 nonest
1086 1230 1174 1316 quod
1195 1232 1367 1296 miremur:
1387 1236 1435 1298 vi-

135 1336 259 1421 gebant
297 1336 384 1400 enim
413 1335 462 1398 ibi
490 1343 558 1398 tum
588 1334 699 1398 studia
727 1332 809 1398 alibi
838 1332 907 1396 fere
933 1333 1164 1414 intermortua,
1196 1343 1233 1398 ut
1261 1331 1435 1399 bibliothe-

136 1458 194 1500 cae
218 1434 306 1499 haud
326 1457 451 1522 paucae
476 1434 570 1500 libris
599 1435 703 1498 Roma
725 1435 932 1521 potissimum
958 1433 1125 1497 arcessitis
1154 1436 1353 1521 compositae
1376 1433 1436 1523 pei

134 1536 300 1602 sacculum
323 1538 496 1624 septimum
518 1537 700 1600 existerent
713 1538 747 1601 ¹⁹.
791 1538 847 1598 vix
866 1533 970 1617 igitur
990 1531 1178 1596 addendum
1196 1544 1262 1616 est,
1287 1557 1348 1600 nec
1362 1536 1435 1603 Be·

136 1639 225 1703 dam
246 1639 287 1725 (l
310 1639 392 1720 735)
416 1639 562 1702 caruisse
584 1638 703 1702 notitia
723 1635 903 1715 Prisciani,
930 1654 1027 1720 quem
1045 1634 1080 1696 in
1101 1631 1183 1698 libro
1204 1635 1245 1699 de
1267 1637 1435 1724 orthogra-

137 1739 213 1826 phia
234 1738 288 1802 bis
309 1740 504 1826 nominatim
525 1746 708 1803 antestatur
718 1740 753 1820 ⁸⁰,
775 1734 1112 1815 necAlcuinum³¹,
1137 1735 1198 1801 sub
1211 1746 1339 1825 tempus
1352 1762 1434 1804 mor-

136 1842 175 1903 tis
190 1839 305 1903 Bedae
328 1848 361 1903 et
381 1842 489 1927 ipsum
511 1841 547 1906 in
561 1840 736 1904 Britannia
757 1848 880 1920 natum,
900 1844 932 1900 et
953 1835 1105 1900 edoctum
1126 1845 1158 1899 et
1180 1848 1295 1923 postea
1317 1841 1433 1907 docen-

135 1954 199 2004 tem
220 1939 383 2023 Eboraci,
412 1944 506 2006 cuius
526 1940 726 2007 bibliotheca
749 1939 928 2004 secundum
953 1938 1058 2024 ipsius
1080 1939 1338 2005 testimonium⁸²
1360 1966 1434 2010 con-

136 2042 258 2108 tinebat
277 2050 409 2127 praeter
431 2042 511 2106 alia:

301 2141 390 2222 Quid
406 2143 498 2207 Maro
517 2142 694 2229 Virgilius,
718 2141 859 2226 Statius,
881 2139 1037 2204 Lucanus
1060 2149 1092 2203 et
1112 2150 1226 2207 auctor

298 2245 392 2307 Artis
414 2246 649 2329 grammaticae
670 2242 723 2306 vel
746 2242 825 2328 quid
847 2242 1008 2328 scripsere
1029 2242 1198 2326 magistri:

298 2342 389 2423 Quid
410 2342 538 2408 Probus
560 2353 657 2430 atque
680 2342 823 2425 Phocas,
846 2344 996 2409 Donatus
1021 2341 1265 2426 Priscianusve,

298 2444 451 2526 Servius,
473 2444 676 2531 Eutychius,
698 2444 891 2532 Pompeius,
915 2444 1173 2509 Comminianus.

135 2568 190 2609 nec
219 2545 318 2609 iuvat
343 2545 474 2631 singula
505 2546 655 2611 lectionis
676 2546 886 2610 Priscianeae
913 2568 971 2633 per
999 2544 1083 2609 hanc
1111 2555 1144 2610 et
1172 2569 1231 2633 per
1250 2552 1434 2635 proximam

134 2655 274 2710 aetatem
300 2648 444 2732 vestigia
465 2646 591 2734 passir'n
621 2669 736 2735 sparsa
762 2648 861 2711 anxie
884 2647 1037 2732 colligere
1058 2687 1069 2695 -
1092 2647 1193 2712 verbo
1217 2650 1319 2734 igittn
1342 2651 1432 2715 suffi-

134 2748 196 2810 ciat
211 2746 378 2811 indicasse
399 2769 420 2811 a
439 2747 606 2833 Dungalo,
629 2748 670 2813 de
692 2771 755 2835 quo
777 2747 864 2810 infta
885 2749 1003 2811 iterum
1019 2747 1193 2812 dicendum
1214 2752 1276 2813 erit
1288 2752 1321 2833 ³⁸,
1340 2760 1374 2836 et
1389 2752 1432 2815 ab

134 2847 312 2933 Agobardo
325 2848 349 2882 ⁸⁴
370 2848 518 2933 singulos
541 2852 612 2914 eius
630 2849 718 2915 locos
742 2850 986 2913 commemorari
1002 2873 1029 2930 .;
1052 2848 1087 2911 id
1109 2850 1196 2912 enim
1218 2852 1326 2935 potius
1342 2873 1432 2937 spoc-

133 2959 256 3032 tamus,
288 2956 326 3010 ut
347 2947 558 3034 indagemus,
587 2950 751 3038 quomodo
781 2950 862 3014 haec
885 2948 995 3013 studia
1018 2950 1173 3014 continuo
1196 2949 1338 3037 quodam
1360 2952 1432 3015 vin·

134 3049 204 3114 culo
226 3052 314 3115 inter
337 3071 372 3113 se
394 3051 569 3115 coniuncta
589 3053 623 3116 in
643 3053 731 3138 ipsos
754 3050 857 3116 libros
886 3059 1014 3115 nostros
1040 3051 1279 3136 manuscriptos
1303 3050 1431 3115 radices

134 3154 271 3236 egerint.
327 3151 435 3236 magis
468 3161 642 3238 propterea
669 3151 780 3218 oculos
809 3162 938 3218 nostros
967 3154 1004 3216 in
1031 3175 1067 3217 se
1088 3154 1189 3217 vertit
1214 3152 1431 3219 Hrabanus

198 3295 233 3342 24
252 3307 277 3341 r.
296 3292 413 3341 lahnium
431 3291 449 3341 l.
468 3291 486 3344 1.
507 3308 532 3359 p.
550 3291 602 3344 355
699 3295 733 3345 25
756 3294 774 3346 l.
796 3294 813 3343 l.
833 3310 861 3361 p.
884 3295 932 3346 147
949 3311 1008 3358 sqq.
1101 3295 1135 3346 20
1158 3295 1272 3346 Museum
1291 3296 1337 3346 des
1353 3294 1431 3346 Rhei-

133 3376 373 3443 nisch-Westphil.
400 3375 715 3430 Schulmsinner-Vereins
739 3381 772 3430 111
800 3379 880 3440 1845,
899 3382 950 3432 205
967 3397 1023 3449 sqq.
1051 3383 1076 3430 in
1095 3384 1318 3434 commentatione:
1344 3383 1431 3432 Romi-

133 3464 192 3513 sche
213 3464 369 3514 Diorthosen
388 3477 448 3512 vom
466 3472 549 3514 ersten
569 3464 741 3515 Jahrhundert
760 3482 805 3515 vor
821 3467 879 3519 Chr.
900 3467 940 3518 his
960 3483 1017 3518 zum
1034 3468 1152 3519 sechsten
1168 3470 1233 3520 nach
1254 3468 1359 3535 chrsp.
1378 3469 1431 3521 220

133 3551 223 3598 -274
276 3551 310 3600 27
325 3550 342 3600 1.
354 3549 370 3598 Ι.
381 3565 409 3615 p.
421 3549 472 3601 355
481 3565 536 3613 sqq.
548 3552 572 3600 in
584 3552 773 3603 commt’tiber
786 3552 827 3600 die
840 3551 1050 3620 Subscriptionen
1061 3556 1143 3605 tuden
1155 3557 1213 3606 Hss.
1226 3559 1290 3604 rim.
1302 3555 1431 3605 ctasstker

133 3648 157 3698 p.
175 3635 227 3685 327
245 3661 281 3671 -
298 3633 359 3685 372.
401 3635 511 3686 similem
535 3636 568 3686 ab
592 3637 681 3687 eodem
700 3637 832 3687 Theodoro
855 3654 961 3705 operam
986 3652 1104 3691 navatam
1128 3657 1184 3692 esse
1203 3639 1309 3689 Boethio
1334 3641 1430 3691 ibidem

133 3720 277 3771 adnotatum
297 3728 335 3771 cst
352 3736 379 3786 p.
401 3719 453 3771 354
469 3736 508 3784 sq.
582 3721 616 3772 28
635 3739 663 3789 p.
683 3724 753 3774 2154
772 3726 800 3777 Ρ.
820 3725 854 3776 cl.
876 3725 1005 3776 Osannum
1025 3727 1042 3777 l.
1062 3727 1080 3780 1.
1102 3742 1128 3792 p.
1147 3727 1195 3778 102
1215 3742 1271 3789 sqq.
1352 3728 1388 3779 20
1403 3745 1427 3782 v.

133 3805 207 3856 modo
227 3806 379 3856 [lactentum
399 3805 490 3856 Gesch.
510 3806 534 3857 d.
555 3807 630 3859 class.
651 3809 711 3862 Litt.
732 3811 766 3859 im
783 3809 927 3861 blittelalter
944 3814 956 3862 1
974 3813 1023 3865 100
1035 3828 1074 3876 sq.
1095 3813 1164 3862 Frid.
1176 3813 1288 3863 Meuium
1305 3813 1337 3863 de
1357 3813 1430 3863 libris

132 3891 305 3957 palimpsestis
327 3903 378 3943 tatu
397 3892 495 3942 Latinis
519 3910 595 3957 quam
614 3893 718 3946 Graecis
742 3893 894 3947 Carlsruhae
913 3898 979 3951 1855
1003 3915 1030 3965 p.
1048 3900 1082 3949 22
1099 3914 1139 3962 sq.
1165 3898 1222 3951 coll.
1243 3898 1306 3963 pil
1395 3898 1430 3949 30

133 3991 156 4041 p.
175 3976 255 4028 2347.
273 3978 343 4030 2350
360 3980 404 4038 Ρ.,
429 3979 496 4029 unde
514 3992 560 4029 sua
579 3978 664 4027 hausit
682 3980 807 4032 hlcuiuus
832 3983 862 4032 de
879 3965 1064 4050 orthographia
1084 3985 1104 4032 11
1122 3984 1171 4036 311
1190 3993 1214 4035 et
1231 3983 1283 4034 312
1304 3999 1365 4050 opp.
1385 3983 1427 4035 ed.

132 4062 235 4113 Froben.
326 4065 357 4116 31
387 4079 413 4117 v.
433 4066 535 4115 Alcuini
554 4075 687 4132 grammat.
707 4081 734 4132 p.
755 4067 832 4120 2088.
851 4070 929 4121 2100.
949 4069 1015 4120 2111
1034 4071 1063 4123 P.
1087 4070 1196 4136 (11272.
1216 4071 1276 4122 281.
1295 4068 1347 4120 284
1363 4084 1425 4134 opp.

132 4147 170 4200 ed.
190 4147 316 4214 Froben.)
335 4149 369 4202 cl.
389 4165 448 4204 aun.
469 4152 587 4218 praeced.
660 4151 694 4202 32
713 4152 745 4202 de
763 4154 862 4217 pontiti.
884 4165 907 4204 et
926 4157 1021 4204 sanctis
1040 4155 1102 4206 eccl.
1124 4157 1229 4206 Eborac.
1250 4172 1274 4205 v.
1294 4156 1360 4207 1553
1370 4171 1427 4218 sqq.

133 4232 162 4291 (lt
181 4234 232 4285 257
255 4249 316 4300 opp.
337 4235 379 4288 ed.
399 4235 523 4303 Froben.)
628 4238 662 4291 33
685 4238 817 4305 Dungalus
835 4239 919 4287 floruit
942 4241 1009 4288 circa
1032 4255 1126 4291 annum
1145 4240 1197 4292 823
1216 4257 1239 4293 r.
1262 4240 1427 4292 Muratoriutn

133 4320 226 4381 antiqq.
248 4318 304 4369 tut.
323 4321 358 4371 111
376 4321 429 4373 815
447 4338 503 4386 sqq.
523 4323 575 4374 824
593 4339 632 4386 sq.
662 4325 798 4375 Baehrium
822 4323 914 4375 Gesch.
938 4328 985 4376 der
1005 4330 1069 4376 rom.
1090 4326 1215 4375 Literatur
1239 4328 1274 4376 im
1300 4326 1426 4395 baroling.

132 4402 248 4453 Zeitalter
265 4420 293 4470 p.
311 4402 363 4456 372
381 4422 420 4470 sq.
448 4424 574 4473 quemque
597 4409 686 4462 laudat
704 4410 914 4472 arabarchum,
942 4427 1049 4474 quorum
1073 4412 1185 4462 rationes
1205 4411 1297 4463 frustra
1313 4425 1427 4468 evertere

132 4497 233 4538 canatur
250 4489 383 4557 Peyronus
408 4493 440 4544 de
462 4495 525 4545 bibl.
544 4494 664 4548 Bobiensi
687 4513 714 4563 p.
732 4497 765 4549 X.
804 4496 963 4545 Priscianum
988 4496 1075 4547 laudat
1097 4499 1123 4546 in
1142 4496 1207 4546 libro
1232 4502 1428 4564 responsionum

131 4583 214 4624 contra
233 4573 370 4628 Claudium
387 4579 571 4633 laurinensem
588 4584 740 4650 episcopum
762 4581 836 4648 (bibl.
861 4594 930 4632 max.
950 4590 1015 4645 patr.
1035 4583 1118 4649 Lugd.
1139 4583 1200 4633 xtv
1218 4583 1269 4635 200
1290 4585 1324 4640 cl.
1343 4588 1424 4641 Prisc.

131 4656 172 4706 lib.
193 4660 253 4710 Vlll
270 4663 288 4725 ς
305 4660 356 4726 37)
380 4665 516 4733 ipsumque
536 4667 661 4719 Prisciani
685 4669 786 4719 codices
804 4667 951 4734 possedisse
968 4668 1106 4717 memoriae
1124 4669 1252 4733 proditum
1271 4681 1309 4721 est
1327 4688 1352 4726 v.
1373 4673 1426 4722 hlu-

130 4747 246 4796 ratorium
263 4748 281 4802 1,
302 4748 320 4800 Ι.
342 4763 369 4813 p.
382 4747 432 4800 821
443 4765 483 4813 sq.
502 4761 527 4802 et
545 4753 612 4803 intra
630 4768 655 4819 p.
670 4753 742 4803 xvtt
812 4755 846 4807 34
864 4753 1018 4819 agobardus
1036 4752 1066 4820 (†
1081 4752 1144 4818 ato)
1166 4765 1253 4808 eontra
1271 4759 1426 4810 abiectiones

130 4828 257 4900 Fredegisi
275 4836 303 4884 in
322 4833 386 4890 bibl.
407 4849 476 4888 max.
496 4845 563 4905 patr.
581 4839 642 4890 XIV
656 4840 708 4891 270
735 4839 769 4891 el.
788 4840 911 4892 Prisciani
931 4839 964 4890 ad
982 4839 1106 4891 lulianum
1125 4857 1166 4909 ep.
1185 4847 1201 4908 s
1219 4842 1235 4895 3
