3322 5484
580 1138 1004 1223 PRAEFATIO

229 1595 456 1696 Prisciani
479 1627 776 1691 Caesariensis
804 1626 936 1690 Mauri¹
961 1635 1054 1691 aetas
1085 1648 1123 1690 eo
1153 1625 1326 1708 definitur,
1356 1623 1444 1711 quod

142 1731 185 1794 de
209 1729 306 1794 laude
328 1728 498 1792 Anastasii
519 1729 724 1813 imperatoris
746 1750 833 1792 anno
852 1728 971 1814 fere.p.
994 1726 1033 1792 C.
1050 1751 1082 1791 n.
1104 1730 1191 1790 512¹
1213 1749 1345 1791 carmen
1359 1747 1444 1789 com-

143 1833 266 1919 posuit.
312 1839 344 1892 et
366 1830 473 1915 potuit
493 1838 581 1893 certe
605 1830 648 1893 ad
668 1830 806 1894 eandem
823 1838 970 1901 ‚aetatem
987 1839 1135 1916 spectare
1151 1827 1442 1907 Cassiodorus,

144 1933 218 2018 qui,
245 1953 320 1994 cum
349 1930 409 1993 ‘ad
435 1932 678 1996 amantissimos
704 1928 940 2016 orthographos
966 1929 1190 1995 discutiendos
1217 1949 1303 1993 anno
1325 1927 1443 1989 aetatis

142 2033 356 2117 nonagesimo
377 2032 491 2097 tertio'
505 2035 526 2114 ⁸,
548 2052 633 2096 anno
652 2033 753 2117 igitur
772 2032 840 2095 sere
862 2034 925 2095 560
936 2031 956 2108 ⁴,
978 2033 1194 2117 pervenisset,
1217 2031 1258 2095 iis
1280 2029 1320 2092 de
1337 2027 1442 2094 ortho-

143 2131 284 2218 graphia
304 2135 507 2219 praeceptis,
529 2155 612 2219 quae
636 2155 679 2195 ex
699 2133 869 2197 Prisciano
892 2134 1072 2219 excerpsit,
1092 2132 1174 2197 baec
1192 2130 1363 2220 praefixit:
1387 2134 1442 2190 ‘ex

141 2233 312 2298 Prisciano
329 2236 553 2318 grammatico,
570 2235 626 2321 qui
647 2243 756 2300 nostm
775 2243 920 2322 tempore
933 2233 1217 2321 Constantinopoli
1231 2235 1353 2298 Romae
1366 2229 1439 2294 doc·

143 2346 196 2400 tor
216 2335 297 2417 fuit,
326 2335 367 2398 de
389 2334 474 2401 libro
498 2336 602 2422 ipsius
626 2337 690 2399 ista
709 2335 846 2401 collecta
868 2345 960 2400 sunt'
976 2340 997 2398 ³.
1051 2359 1157 2423 neque
1178 2359 1238 2424 per
1256 2357 1291 2399 se
1313 2332 1364 2396 bis
1385 2329 1441 2394 ob-

144 2446 219 2518 stat,
238 2435 327 2522 quod
344 2436 516 2499 Iustiniani
536 2437 737 2525 temporibus
759 2438 860 2525 ‘apud
875 2437 1206 2524 Constantinopolim'
1218 2458 1301 2500 eum
1321 2441 1440 2518 ‘gram-

146 2540 286 2603 maticae
307 2540 387 2602 artis
409 2537 573 2624 profunda
592 2540 743 2603 rimatum
766 2545 858 2604 esse’
888 2550 999 2604 narrat
1018 2540 1171 2604 Paulus
1193 2536 1440 2602 Diaconus‘.

147 2661 263 2705 vereor
280 2649 400 2722 tamen,
423 2661 464 2702 nc
487 2638 570 2703 haec
590 2642 754 2705 sententia
772 2661 838 2705 non
858 2640 922 2704 nisi
942 2641 999 2705 illo
1014 2640 1205 2706 Cassiodori
1223 2640 1293 2705 loco
1307 2639 1441 2716 nitatur,

146 2763 219 2806 cum
252 2762 318 2804 uno
346 2739 507 2826 Dionysio
535 2740 668 2827 Exiguo
694 2728 885 2828 interposito
917 2741 981 2827 ipsi
1010 2740 1206 2806 Cassiodoro
1233 2739 1440 2804 Priscianum

146 2841 191 2905 ibi
213 2839 339 2904 Paulus
356 2838 525 2925 adiungat.
558 2851 704 2906 ceterum
725 2843 845 2928 partim
866 2842 974 2927 ipsum
996 2843 1115 2928 partim
1139 2851 1288 2906 auctores
1311 2858 1354 2900 ex
1368 2837 1439 2921 ipso

145 2942 313 3023 oriundos,
332 2951 369 3004 ut
390 2940 447 3004 alii
472 2963 515 3004 ex
537 2941 613 3007 aliis
633 2943 788 3029 deinceps
801 2941 975 3031 pendeant,
998 2943 1101 3007 secuti
1123 2951 1200 3005 sunt
1219 2939 1348 3003 adiecta
1367 2956 1439 3020 pas-
1491 2966 1494 2972 ·

144 3034 204 3105 sim
236 3043 439 3106 accuratiore
465 3046 620 3130 temporis
655 3054 749 3125 nota,
783 3065 881 3130 quam
912 3044 1033 3108 nullius
1059 3044 1215 3108 momenti
1242 3060 1314 3105 esse
1339 3043 1440 3123 patet,

144 3141 252 3206 fontes
274 3164 383 3206 rerum
406 3142 694 3209 Germanicarum:
737 3143 959 3209 Ekkebardus
981 3145 1017 3209 in
1038 3144 1191 3210 chronico
1212 3154 1244 3209 et
1265 3137 1438 3204 Vircebur-

143 3242 238 3326 gensi
268 3251 301 3306 et
327 3243 529 3309 universali⁷
556 3255 655 3333 atque
678 3247 869 3334 sigebertus
881 3249 904 3329 ⁸,
931 3245 1069 3312 historia
1087 3268 1202 3331 regum
1231 3243 1349 3308 Franc.
1372 3261 1438 3304 mo-

214 3466 225 3515 1
247 3482 272 3514 v.
292 3466 458 3517 Niebuhrium
478 3471 503 3518 in
518 3471 600 3535 praet.
619 3486 690 3537 corp.
710 3472 799 3539 script.
816 3470 876 3523 bist.
896 3470 1003 3537 Byasut.
1020 3480 1082 3525 tom.
1101 3473 1110 3520 i
1130 3487 1156 3537 p.
1176 3470 1286 3521 XXXIV
1368 3465 1437 3516 2cf·

145 3550 290 3601 Eudiicberi
308 3552 342 3601 ad
359 3554 435 3603 huius
454 3571 533 3610 carm.
553 3572 577 3608 v.
596 3555 648 3608 289
661 3572 718 3620 sqq.
738 3559 924 3608 annotationem
946 3573 972 3622 p.
991 3558 1024 3609 75
1040 3558 1083 3608 ed.
1103 3574 1164 3608 susc
1235 3555 1252 3606 3
1270 3552 1386 3605 Cassiod.
1406 3551 1437 3600 de

144 3638 308 3705 orthograpb.
335 3655 361 3706 p.
388 3629 480 3696 miss
503 3643 531 3694 P.
630 3645 647 3691 4
676 3642 710 3694 ci.
732 3643 862 3693 Mansouis
888 3643 1039 3696 Geschichte
1061 3647 1107 3696 des
1131 3641 1353 3695 Ost-Gothischen
1379 3638 1437 3687 Rei-

145 3722 204 3772 ebes
235 3725 259 3771 in
289 3724 378 3773 italien
407 3743 434 3793 p.
461 3727 512 3780 332
535 3744 590 3791 sqq.
695 3730 713 3779 b
741 3727 859 3780 Cassiod.
886 3730 903 3783 Ι.
929 3731 945 3780 i.
969 3746 995 3796 p.
1022 3732 1092 3784 2318
1114 3732 1143 3783 P.
1250 3730 1268 3779 b
1293 3728 1325 3777 de
1357 3724 1437 3790 gestis

144 3808 306 3874 longobard.
328 3811 399 3863 125.
428 3814 463 3862 ita
485 3829 538 3863 reru
567 3827 624 3862 sese
652 3813 746 3864 babere
776 3823 915 3875 censurat,
946 3819 966 3866 si
995 3816 1118 3866 affirmari
1144 3824 1246 3880 posset.
1278 3811 1347 3876 quod
1374 3823 1435 3858 non-

145 3895 206 3944 auiii
224 3897 395 3955 contendunt,
426 3898 551 3948 lulianum
576 3899 705 3948 consutam
727 3915 758 3948 ac
776 3903 927 3964 patricium,
956 3918 1008 3968 quo
1025 3916 1131 3954 suasore
1149 3902 1334 3951 institutionum
1352 3909 1437 3960 grum-

144 3983 290 4030 maticarum
313 3983 392 4032 libros
416 3984 561 4034 Priscianus
588 3985 668 4034 edidit
694 3988 785 4050 cuique
812 4002 857 4038 eos
883 3988 1026 4053 dedicavit,
1052 3992 1177 4055 epitomes
1202 3986 1357 4036 noveiiarum
1382 3980 1435 4027 lue

144 4067 311 4119 tinianearum
330 4069 435 4120 Latinae
458 4072 523 4119 circs
545 4087 639 4120 annum
668 4073 719 4122 556
739 4075 904 4124 concinnatae
927 4075 980 4142 (ci.
1000 4075 1135 4126 Bieneium
1155 4073 1306 4125 Geschichte
1322 4069 1367 4118 der
1384 4064 1435 4113 No-

145 4154 226 4204 seilen
244 4155 387 4206 Justiuiaus
406 4156 490 4210 Beroi.
508 4157 576 4208 1824
592 4172 618 4222 p.
639 4159 672 4208 74
687 4158 747 4222 sq.)
769 4175 826 4211 esse
845 4171 982 4211 auctorem.
1019 4171 1045 4211 at
1070 4165 1093 4211 is
1117 4164 1141 4211 si
1161 4173 1275 4212 summas
1298 4154 1436 4218 dignitates
1498 4221 1501 4225 ,

145 4241 251 4306 amptius
268 4242 372 4307 triginta
390 4246 464 4293 anuis
480 4253 539 4292 aute
557 4243 602 4308 (v.
619 4243 703 4309 inira)
722 4245 887 4310 obtinuisset,
904 4246 973 4297 baud
990 4250 1024 4297 ita
1041 4249 1109 4298 nude
1128 4248 1183 4295 ‘vir
1200 4240 1433 4306 eloquentissimus,

143 4336 288 4379 mteoeasor
305 4329 415 4378 civitatis
432 4328 739 4397 Constantinopolitanae’
765 4333 791 4380 in
815 4331 887 4383 tibris
911 4349 973 4386 mss,
992 4335 1172 4383 nominaretur.
1207 4345 1258 4394 qua
1274 4329 1320 4376 vix
1342 4327 1433 4376 certior

144 4413 242 4462 vidum
256 4414 337 4464 attera
356 4429 397 4467 ss.
416 4415 459 4464 dd.
477 4415 636 4476 coniectura,
661 4433 718 4467 eum
736 4415 932 4481 Symmachum,
956 4422 998 4471 cui
1016 4418 1139 4485 opuscula
1157 4418 1190 4467 de
1209 4415 1298 4482 figuris
1315 4426 1433 4462 numero-

143 4513 194 4547 rum
211 4510 236 4548 et
253 4501 287 4550 de
306 4502 416 4552 nummis
435 4501 475 4550 vel
494 4502 664 4566 ponderibus,
685 4502 717 4551 de
735 4501 848 4551 Terentii
870 4505 957 4553 metris
980 4515 1004 4555 et
1021 4507 1054 4556 de
1069 4501 1356 4570 praeexercitaminibus
1373 4501 1432 4549 rbe-

143 4586 227 4635 toricis
251 4587 278 4634 in
302 4600 396 4651 eorpus
419 4587 522 4650 aliquod
541 4588 643 4638 redacta
663 4588 792 4651 inscripsit
811 4589 969 4655 Priscianus,
994 4590 1074 4641 tuisse
1095 4590 1224 4639 consulem
1251 4599 1274 4638 s.
1293 4589 1345 4640 485
1415 4588 1430 4636 7

141 4685 251 4724 monum.
273 4670 358 4721 Genu.
381 4672 441 4727 bist.
461 4674 501 4723 ed.
520 4675 635 4725 Pertaiua
659 4674 776 4738 scriptor.
800 4683 859 4726 tom.
878 4677 913 4725 Vi
931 4693 959 4743 p.
977 4677 1025 4737 24,
1043 4675 1077 4727 32
1101 4674 1255 4742 (iustiniani
1275 4691 1341 4727 anuo
1364 4676 1431 4738 20„

142 4755 198 4822 140,
221 4761 264 4816 ·7;
285 4756 345 4816 143,
364 4761 396 4808 st
466 4759 564 4813 Sibid.
584 4760 644 4822 315,
662 4763 696 4813 53
714 4763 750 4824 (a.
766 4760 831 4826 528)
