3322 5484
699 351 906 414 PRAEFATIO
1406 372 1454 413 run

136 539 236 602 dium
259 557 381 601 aevum
401 534 587 620 descriptus
609 543 675 616 est,
697 532 847 598 utnulla
869 533 938 599 fere
959 534 1218 601 ‘bibliothecula’
1242 558 1280 600 eo
1301 544 1359 599 aut
1376 533 1455 598 olim

137 640 291 703 caruerit
310 645 368 700 aut
388 657 475 700 nunc
497 645 618 700 eareat.
638 656 697 723 pro
720 644 809 699 certo
832 636 986 722 equidem
1009 635 1208 718 affirmarim,
1232 639 1267 700 in
1288 637 1453 701 universis

139 740 302 826 Europae
325 738 469 803 librariis
489 739 734 802 institutionum
754 738 1042 821 grammaticarum
1065 737 1109 800 ad
1128 736 1218 800 mille
1238 736 1368 802 codices
1387 758 1452 800 ser-

139 845 230 907 vari.
269 861 408 928 quorum
430 838 562 925 quidem
591 837 699 903 libros
716 836 835 900 XVIII
853 861 965 903 omnes
988 841 1085 924 pauci
1108 837 1385 926 complectuntur,
1415 836 1453 900 li-

140 943 225 1007 bros
246 951 429 1028 postremos
453 940 535 1005 duos
559 940 660 1004 XVII
679 949 713 1004 et
730 938 850 1003 XVIII
877 939 937 1002 ‘de
960 942 1219 1004 constructionc'
1247 943 1318 1004 sive
1347 939 1454 1003 ‘Pris-

142 1045 279 1107 cianum
311 1044 491 1106 minorcm'
517 1043 631 1107 itidem
662 1043 742 1107 satis
766 1043 879 1128 pauci,
905 1038 1006 1104 libros
1030 1041 1174 1105 sedecim
1200 1043 1359 1129 primores
1392 1040 1454 1104 ‘de

143 1154 222 1210 octo
245 1144 407 1231 partibus·
426 1145 598 1208 orationis'
630 1146 701 1209 sive
728 1142 955 1207 ‘Priscianum
975 1143 1149 1206 maiorem'
1167 1142 1326 1230 plerique.
1381 1142 1455 1229 ipsa

144 1267 230 1311 vero
259 1247 320 1309 bac
349 1245 499 1310 codicum
521 1268 597 1309 mss.
629 1245 724 1332 copia
747 1245 898 1307 effectum
926 1252 993 1325 est,
1026 1253 1063 1306 ut
1083 1245 1190 1309 cuivis
1211 1243 1280 1306 fere
1304 1245 1453 1329 scriptori

146 1346 335 1434 complures
357 1345 488 1410 codices
509 1347 551 1410 ad
573 1368 705 1411 manum
727 1355 838 1410 essent
860 1354 958 1430 atque
980 1354 1017 1409 ut
1038 1346 1160 1430 singuli
1183 1354 1216 1407 et
1236 1345 1278 1409 ab
1301 1346 1383 1432 ipsis
1397 1366 1453 1408 an·
1503 1405 1506 1409 .

146 1448 304 1535 tiquariis
325 1456 359 1511 et
377 1469 398 1509 a
419 1446 607 1511 doctoribus
629 1445 862 1511 umbratilibus
888 1444 1149 1531 magistellisque
1168 1444 1377 1510 scholasticis
1398 1467 1454 1510 va-

147 1550 209 1613 riis
236 1548 449 1629 lectionibus,
477 1549 792 1635 interpretamentis,
821 1546 1055 1610 additamentis
1082 1547 1332 1612 instruerentur.
1389 1550 1456 1611 sin-

148 1649 306 1735 gulorum
328 1648 405 1712 inde
421 1649 571 1712 codicum
593 1653 754 1736 originem
779 1657 812 1712 et
833 1669 955 1712 nexum
973 1650 1125 1733 persequi
1151 1669 1216 1711 non
1238 1647 1324 1713 licet.

236 1752 291 1815 Ex
313 1752 457 1816 omnium
475 1759 585 1813 tamen
607 1760 787 1816 ceterorum
810 1749 967 1814 librorum
988 1749 1154 1834 farragine
1178 1760 1350 1834 emergunt
1375 1774 1454 1818 non-

149 1853 245 1935 nulli,
268 1855 325 1939 qui
344 1852 386 1915 ad
407 1853 631 1916 recensionem
650 1852 814 1938 quandam
836 1849 1035 1935 singularem
1057 1859 1091 1914 ct
1109 1853 1214 1938 ipsam
1236 1874 1278 1914 cx
1291 1858 1455 1921 communi
1490 1835 1497 1848 ’

151 1953 375 2018 Theodoriani
407 1954 603 2039 exemplaris
635 1953 725 2018 fonte
747 1953 926 2040 profectam
949 1974 969 2014 a
990 1952 1160 2015 monachis
1182 1952 1324 2017 ‘Sectis'
1336 1957 1359 1991 ⁵⁸
1382 1957 1453 2022 sive

151 2055 346 2120 Hibernicis
369 2055 525 2142 descripti
545 2065 630 2119 sunt.
899 2057 905 2064 “

239 2156 354 2220 Trium
376 2178 454 2222 vero
475 2156 573 2220 buius
596 2157 797 2220 recensionis
820 2164 989 2235 veterum,
1022 2176 1106 2240 quae
1128 2153 1208 2218 mihi
1230 2156 1452 2241 innotuerunt,

152 2257 392 2343 exemplarium
404 2259 437 2339 ⁵⁴,
462 2257 592 2321 sacculo
612 2279 697 2321 nono
716 2280 787 2321 meo
809 2254 942 2344 quidem
965 2254 1086 2318 iudicio
1109 2240 1367 2341 conscriptorum
1389 2281 1456 2322 om-
1540 2252 1544 2257 ’

151 2361 256 2439 nium,
277 2360 311 2441 4)
335 2380 437 2422 unum
461 2359 514 2444 (L)
535 2380 622 2422 nunc
641 2357 833 2443 Lugduni
854 2355 1103 2420 Batavorum
1126 2356 1322 2422 adservatur
1338 2363 1373 2423 in
1393 2360 1456 2424 bi·

153 2459 370 2524 bliothece
392 2461 690 2523 universitatis
715 2457 897 2545 publica,
921 2459 992 2523 cod.
1014 2459 1088 2522 Lat.
1111 2462 1151 2522 67
1172 2456 1273 2540 fotu,
1296 2460 1456 2525 membra-

156 2583 282 2626 naceus
304 2561 456 2625 foliorum
473 2562 544 2641 219,
568 2582 610 2623 ex
631 2559 811 2624 Germania
832 2582 870 2623 eo
893 2559 1083 2624 translatus.
1114 2581 1190 2623 narn
1214 2560 1245 2623 d.
1265 2562 1284 2623 3
1304 2584 1346 2623 m.
1359 2561 1457 2648 Apri-

155 2664 243 2726 lisa.
264 2663 474 2726 1583n01nen
494 2683 589 2725 suurn
606 2664 638 2729 ci
655 2663 824 2750 inscripsit
840 2662 1000 2726 <Lazarus
1016 2661 1211 2741 senonens,
1234 2660 1365 2726 scholae
1378 2661 1456 2728 Cor·

155 2761 346 2828 bachiensis
374 2765 409 2827 iu
437 2764 595 2827 comitatu
618 2763 832 2828 Walticcensi
859 2770 989 2828 rector.’
1033 2771 1103 2824 tum
1131 2759 1205 2824 Iani
1228 2760 1361 2828 Gruteri
1381 2764 1455 2845 fuit,

156 2866 252 2928 cnins
271 2885 371 2928 manu
392 2865 473 2928 baec
499 2864 613 2928 addita
635 2874 725 2930 sunt:
771 2865 864 2929 ‘Iani
887 2862 1021 2928 Gruteri
1043 2871 1102 2924 est.
1146 2860 1262 2924 Helias
1280 2863 1456 2928 Putscbius

157 2965 274 3030 babuit
294 2964 381 3028 bunc
404 2964 524 3029 librum
546 2965 748 3031 commodato
764 2966 821 3029 sed
837 2963 1058 3050 negligentius
1075 2983 1113 3025 eo
1129 2983 1209 3024 usus
1228 2971 1279 3026 est
1300 2963 1341 3027 ob
1358 2965 1459 3052 scrip·

158 3076 253 3130 turae
282 3065 521 3131 difficultatem.
571 3067 701 3130 infinita
728 3069 816 3131 enim
844 3065 1047 3131 emendatius
1070 3061 1146 3125 hinc
1172 3061 1225 3125 edi
1247 3066 1457 3149 potuissent.’

158 3169 277 3254 incipit
302 3167 407 3232 codex
436 3190 456 3231 a
480 3168 645 3232 Prisciani
666 3170 934 3254 interpretatione
962 3168 1139 3254 periegesis
1161 3164 1318 3253 Dionysii
1346 3171 1457 3255 anepi-

158 3268 304 3356 grapha,
336 3271 464 3334 omissis
490 3272 604 3356 primis
626 3270 771 3356 quinque
794 3268 962 3351 versibus,
999 3269 1052 3333 cui
1078 3267 1134 3332 sol.
1160 3273 1208 3334 ἵν
1238 3269 1459 3357 subscriptum

160 3380 231 3434 est:
275 3370 367 3433 ‘finit
386 3373 566 3456 periegesis
587 3371 759 3435 Prisciani.

327 3470 498 3536 Dubthac¹
530 3472 589 3537 hos
609 3494 724 3537 uersus
746 3473 953 3559 transcripsit
971 3482 1114 3560 tempore
1135 3496 1237 3560 paruo

370 3588 510 3674 Indulge
532 3589 634 3655 lector
653 3615 675 3678 q
696 3590 781 3653 male
804 3594 926 3679 scripto
946 3594 1050 3658 uides.

204 3694 302 3755 tertio
322 3690 395 3755 idus
413 3690 534 3777 apriles
956 3695 1063 3759 tribus
1085 3695 1205 3778 degitis

203 3792 302 3856 tertio
322 3813 407 3855 anno
430 3780 576 3855 decenn>
596 3789 671 3856 cicli
957 3796 1062 3860 tribus
1084 3793 1311 3860 instnnnentis

205 3893 303 3957 tertio
319 3891 373 3954 die
394 3879 439 3956 an
459 3892 582 3977 pascha
960 3919 1068 3985 penna
1088 3896 1278 3960 membrano

206 3992 305 4054 tertia
327 3991 454 4056 decima
473 3993 551 4056 luna
570 3995 747 4082 incipiente
961 4006 1143 4062 atramento
1165 3995 1182 4017 ''
1191 3998 1272 4061 trice

205 4094 304 4156 tertia
326 4092 405 4157 bora
425 4102 499 4180 post
523 4094 692 4161 meridiem
960 4101 1107 4163 trinitate.
1136 4098 1290 4161 auxilia'.

164 4214 249 4278 quae
278 4194 306 4256 si
336 4193 379 4257 ad
400 4195 507 4280 ipsum
537 4204 684 4260 nostrum
706 4197 854 4262 codicem
883 4206 915 4261 et
946 4197 989 4261 ad
1021 4199 1188 4263 sacculum
1218 4217 1338 4261 nonum
1373 4214 1462 4280 spec-

164 4301 252 4374 tant,
282 4315 366 4358 anno
386 4318 418 4382 p.
443 4295 482 4359 Ο.
498 4320 532 4360 n.
555 4296 616 4360 838
638 4295 726 4360 hunc
756 4296 876 4362 librum
908 4300 1079 4382 assignare
1103 4298 1259 4364 videntur
1285 4293 1465 4359 secundum
1531 4352 1534 4359 .

166 4394 328 4457 caleulum
349 4416 369 4457 a
383 4395 594 4460 Ferdinando
617 4393 751 4484 Pipcro,
782 4400 854 4462 viro
876 4398 1114 4480 eruditissimo,
1143 4419 1215 4460 mco
1236 4402 1352 4479 rogatu
1374 4395 1466 4460 insti-

166 4504 285 4557 tutum.
328 4494 383 4558 fol.
408 4497 426 4559 8
448 4497 721 4585 glossas'aliquot
740 4498 918 4563 rhetoricas
941 4497 1233 4561 Gracco-Latinas
1264 4504 1297 4559 ct
1319 4494 1466 4584 disputa-

202 4664 238 4714 53
260 4665 293 4714 de
320 4667 422 4716 domiue
446 4668 579 4719 Scotorum
601 4669 633 4718 cl.
659 4685 724 4732 quae
746 4672 876 4735 congessit
904 4671 1044 4736 Zuppertus
1069 4671 1086 4724 l.
1108 4686 1166 4723 ann.
1186 4672 1220 4723 75
1240 4669 1258 4720 l.
1284 4684 1311 4735 p.
1337 4668 1387 4720 100
1410 4683 1471 4731 sqq:

202 4752 237 4800 54
251 4747 357 4814 [quibus
368 4762 485 4813 quartum
493 4768 719 4804 accessurumesse
726 4754 895 4806 ccd.S.l‘uuli
908 4768 990 4818 nuper
999 4753 1143 4804 credebam.
1163 4751 1340 4817 alumnum]
1388 4756 1472 4804 biren-

170 4835 272 4899 rnlogus
285 4837 408 4886 librorum
418 4848 469 4887 tum
482 4841 662 4904 impressorum
670 4854 745 4901 quom
756 4854 817 4893 mss.
829 4842 890 4891 bibl.
901 4839 973 4906 publ.
983 4841 1053 4894 univ.
1067 4841 1150 4907 bugd.
1162 4841 1217 4892 But.
1231 4840 1297 4893 171ss
1307 4839 1349 4890 fol.
1362 4854 1389 4904 p.
1404 4839 1455 4890 328
