3322 5484
608 346 723 409 LIBER
744 348 766 406 V
787 358 936 413 46—50.
1345 350 1405 413 173

172 463 284 506 ‚ovum
299 463 323 505 r.
1200 464 1353 508 ‚roesam

105 477 249 597 adidnetis
277 536 349 597 nihil
377 536 450 596 ultra
474 537 604 613 citraque
625 534 794 613 intellegere
816 535 916 608 liceat,
939 543 970 595 ut
991 522 1138 596 ‘homines
1160 478 1242 611 ddo’,
1262 539 1404 599 ‘centum'

105 639 148 699 vel
169 639 284 699 ‘mille’.
302 656 310 673 ·
329 657 399 717 ergo
418 637 629 697 dubitationem
649 636 804 716 pluralium
824 637 942 698 discutit
957 637 1103 698 adiunctio
1120 658 1220 700 eorum
1245 640 1406 713 nominum,

106 758 180 819 quse
207 739 331 818 singulis
358 738 488 799 numeris
517 747 587 798 suut
608 738 725 818 propria
749 758 819 799 suae
842 739 993 800 cuiusdam
1014 739 1183 819 positionis,
1206 741 1314 820 quippe
1338 761 1404 802 eum

106 841 164 903 siut
182 840 306 1004 pluralia
328 860 388 901 nou
408 860 424 900 a
446 839 643 917 singularibus
670 845 746 900 nata.
767 836 771 922 Ι

208 944 216 957 Ι

82 962 97 1000 v
218 962 335 1004 umeros
358 951 455 1003 autem
482 941 537 1001 bae
562 941 671 1001 babent
697 941 856 1017 dictiones,
882 960 956 1019 quae
983 962 1125 1023 personas
1154 962 1270 1024 quoque
1297 943 1407 1006 babent

107 1044 150 1105 vel
170 1045 268 1105 linitas
290 1045 335 1104 vel
354 1044 499 1115 infinitas,
522 1043 551 1103 id
572 1049 618 1102 est
639 1043 772 1115 nomina,
793 1043 896 1115 verba,
918 1045 1085 1126 participia,
1108 1046 1290 1127 pronomina.
1326 1046 1405 1106 unde

107 1147 132 1209 si
150 1146 268 1207 deliciet
289 1147 424 1226 personis
448 1145 584 1219 verbum,
607 1144 706 1204 debuit
728 1145 815 1205 etiam
838 1165 976 1221 numero,
995 1147 1090 1226 qvialia
1112 1157 1182 1209 sunt
1203 1148 1331 1222 infinita,
1351 1148 1405 1208 im·

108 1250 288 1330 personalia,
316 1246 457 1326 gerundia
485 1247 532 1306 vel
559 1246 672 1326 supina.
723 1247 891 1308 adverbium
910 1267 993 1321 vero,
1021 1249 1152 1326 quamvis
1173 1250 1263 1328 saepe
1283 1249 1404 1309 demon·
1422 1255 1457 1305 tu

108 1358 181 1413 stret
201 1368 357 1412 numerum
378 1349 414 1408 ad
441 1348 683 1426 signilieationem
711 1349 862 1410 nominum
887 1349 1095 1423 numeralium,
1124 1369 1183 1410 non
1206 1359 1304 1410 tameo
1323 1350 1407 1429 quasi

75 1453 289 1513 rvaeoidentem
309 1452 387 1511 lione
411 1450 513 1510 babet:
537 1449 697 1510 arridentia
718 1451 795 1510 enim
817 1451 962 1529 generalia
985 1450 1046 1510 iere
1068 1452 1193 1512 suntad
1215 1471 1317 1513 omnes
1341 1472 1408 1531 spe-

108 1554 168 1616 eies
190 1554 316 1634 partium
338 1553 543 1632 perier-tarum.
594 1551 671 1629 quod
700 1552 778 1612 enim
805 1551 886 1612 dicas
914 1551 1071 1628 singularis
1099 1553 1213 1613 numeri
1239 1553 1407 1613 adverbium

107 1655 152 1717 rel
176 1656 255 1735 quod
283 1651 424 1736 pluralis?
457 1672 524 1714 rum
553 1652 685 1714 similiter
708 1672 794 1714 omne
818 1652 985 1713 adverbium
1013 1662 1070 1713 tam
1100 1654 1296 1733 singularibus
1321 1673 1406 1734 quam

107 1744 269 1838 pluralibus
287 1757 384 1817 verbis
402 1755 578 1834 adiungitur,
597 1755 684 1814 etiam
699 1750 714 1836 ΙΙ
728 1754 877 1815 numerale
892 1770 1105 1834 quemeumque
1124 1776 1278 1818 numerum
1298 1758 1409 1836 signiu-
1509 1742 1515 1753 ’

109 1867 156 1919 vet
183 1891 197 1902 -
227 1866 259 1918 ut
281 1858 460 1935 ‘singillatim
482 1857 641 1918 circumeo’
674 1866 702 1916 et
732 1854 912 1933 ‘singillatim
939 1855 1150 1931 circumimus,
1181 1859 1344 1939 ‘pluraliter
1366 1861 1408 1921 lo-

76 1962 196 2039 uqnor'
224 1968 254 2020 et
279 1959 443 2038 ‘pluraliter
470 1958 638 2036 loquimur',
662 1958 846 2038 ‘saepissime
864 1958 942 2019 dieo’
973 1966 1002 2018 et
1023 1959 1207 2039 ‘saepissime
1226 1961 1362 2025 diebuus'
1384 1997 1408 2038 ·,

110 2061 188 2141 quod
214 2061 245 2121 in
267 2060 347 2122 nulla
368 2069 451 2141 parte
475 2060 530 2120 alia
552 2078 707 2121 numerum
732 2060 902 2139 possidente
927 2067 1026 2138 potest
1052 2062 1221 2140 contingere
1254 2064 1309 2126 nisi
1336 2062 1409 2143 ligu-

109 2170 188 2237 rste,
211 2171 259 2237 ut,
282 2182 350 2224 eum
374 2164 434 2223 sint
452 2161 565 2223 numeri
587 2161 759 2239 singulariS,
782 2161 887 2242 plurali
909 2161 1409 2247 avldieantvirvel,eu1usintplu·

110 2265 195 2340 ralis,
221 2266 370 2344 singulari.
415 2273 565 2345 praeterea
587 2282 695 2324 nomen
717 2272 747 2324 et
767 2282 929 2344 pronomen
957 2271 986 2322 et
1015 2265 1135 2327 verbum
1163 2273 1192 2326 et
1224 2267 1408 2347 participium

111 2367 294 2430 declinantur
314 2368 511 2428 innumeros.
556 2365 725 2426 adverbium
747 2372 844 2425 autem
865 2363 1002 2442 qiriequid
1025 2366 1169 2445 significet
1189 2377 1218 2429 et
1238 2387 1408 2447 quemeum·
1421 2373 1447 2425 X
1460 2375 1495 2426 50

77 2485 170 2549 reqvie
192 2488 363 2542 numemm,
390 2467 594 2530 indeclinabile
618 2467 725 2527 manet
770 2466 826 2527 boc
850 2474 947 2526 tanen
972 2467 1094 2528 interest
1117 2469 1193 2531 inter
1221 2490 1409 2534 numerorum

112 2573 246 2647 nomina,
271 2590 345 2651 quae
373 2578 442 2633 sunt
461 2569 685 2643 indeclinabilia,
707 2577 736 2656 et
758 2567 835 2628 inter
855 2567 1006 2642 adverbia,
1027 2568 1104 2646 quod
1127 2589 1161 2630 ea
1180 2571 1249 2633 lieet
1269 2582 1328 2635 tam
1350 2574 1411 2635 sin·

112 2673 261 2754 gvdsribus
283 2673 441 2751 adiungere
450 2674 464 2744 ,'
479 2680 512 2732 ut
530 2671 675 2752 praediri,
698 2662 784 2748 quiam
806 2669 984 2750 pluralibus,
1006 2677 1040 2730 ut
1061 2670 1174 2732 ‘milies
1196 2674 1272 2735 dixi’
1296 2684 1326 2736 et
1343 2674 1411 2735 ‘mi-

112 2775 166 2837 lies
188 2776 313 2837 diximus
321 2779 343 2847 ’,
367 2774 416 2834 illa
446 2793 514 2835 vero
534 2792 592 2833 uon
622 2773 679 2833 nisi
705 2770 883 2852 pluralibus,
916 2778 948 2831 ut
976 2770 1066 2831 ‘mille
1096 2772 1230 2835 homines
1262 2776 1408 2836 diximus'.

114 2894 168 2937 nee
201 2876 380 2957 praepositio
416 2874 504 2952 igitur
533 2892 588 2935 nee
615 2873 782 2936 coniunctio
814 2890 869 2933 nec
908 2870 1069 2932 interiectio
1104 2893 1257 2936 numemm
1292 2876 1409 2948 habent,

78 2977 223 3058 uquippe
242 2995 297 3038 nec
318 2995 460 3056 personas
480 2976 653 3053 siguitleant.

197 3078 388 3139 luveniuntur
415 3078 558 3157 qiraedam
587 3077 721 3151 nomina,
749 3096 824 3156 quae
854 3084 1010 3153 utrumque
1039 3095 1194 3139 numerum
1215 3077 1316 3139 eadem
1340 3097 1410 3139 voce

215 3327 223 3355 1

166 3371 179 3422 1
199 3377 337 3431 contraque
351 3367 391 3418 io·
444 3385 479 3419 ·x·
497 3376 556 3433 pout
575 3370 625 3420 duo
641 3369 702 3424 odd.
715 3367 742 3417 K
810 3369 827 3418 2
845 3362 987 3430 adiunctio]
1002 3366 1012 3414 l
1026 3364 1138 3417 adiootio
1150 3368 1174 3416 L
1193 3366 1307 3417 odiontio
1317 3367 1345 3415 H

114 3437 270 3505 Ungulis]
290 3437 321 3486 rd
353 3439 379 3485 in
397 3438 578 3504 singularisll
607 3439 747 3506 singularis
765 3437 797 3485 II
883 3433 1039 3500 numeris]b
1070 3439 1182 3489 numeria
1200 3438 1230 3489 a
1303 3434 1376 3502 strue]
1396 3453 1412 3486 r

115 3509 173 3560 siue
189 3509 215 3559 R
303 3508 319 3556 4
334 3515 395 3571 post
410 3519 483 3557 nuta:
507 3507 599 3558 Omnia
622 3510 690 3559 enirn
708 3524 724 3558 a
740 3521 768 3558 se
786 3516 933 3557 naseuntur.
951 3521 1010 3555 uam
1030 3506 1081 3556 duo
1100 3516 1204 3558 nonest
1223 3506 1255 3556 ab
1273 3521 1325 3555 uno
1343 3506 1411 3556 (ieri-

114 3586 201 3629 usum
224 3577 385 3643 (diriuatum
404 3577 459 3640 uk)
486 3593 532 3628 nee
548 3588 599 3628 tres
617 3594 632 3628 a
650 3578 750 3629 duobus
774 3592 820 3626 nec
844 3584 962 3641 quattuor
983 3575 1110 3639 (quatuor
1129 3577 1183 3642 ui)
1205 3593 1221 3627 a
1244 3577 1325 3627 tribus
1348 3577 1409 3627 aaa.

115 3647 224 3699 uum
327 3647 400 3696 one
424 3662 548 3698 asarinus
573 3663 622 3705 ovs
648 3650 1138 3702 nusuuruvusnvrrsrovsuou.1)
1230 3645 1355 3697 Numeros
1377 3662 1413 3697 ere

115 3716 241 3769 Numerus
258 3731 327 3768 eurr.
347 3715 372 3764 L
465 3716 811 3784 7deueiv19deteetv61t
880 3723 939 3767 suut
958 3714 1082 3765 inlinitius
1100 3717 1125 3766 Ι)
1194 3716 1367 3783 inpersonalia
1386 3717 1415 3765 ΙΙ

202 3782 438 3849 Badrerbiude
466 3787 528 3837 lude
542 3787 693 3838 aduerbium
710 3789 736 3836 D
812 3786 968 3836 demonstrat
985 3785 1038 3835 HL
1124 3785 1337 3853 flauminuer
1367 3801 1413 3835 nu-

348 3881 362 3907 V

115 3922 255 3973 memmii
330 3923 495 3973 nemoralium
515 3924 561 3973 Hlv
638 3922 671 3974 10
689 3924 851 3974 accedentem
870 3921 922 3974 GK
993 3922 1172 3989 secedentiup
1214 3934 1217 3940 '
1252 3925 1282 3976 ll
1303 3920 1382 3986 qood]
1404 3924 1414 3970 t

114 4008 174 4043 eum
191 3991 217 4041 L
289 3992 321 4042 12
340 3994 407 4055 quod
425 4009 472 4047 ora,
491 3994 515 4043 L
586 3993 619 4045 13
635 4002 695 4057 port
711 3994 874 4058 adiungitur:
894 4000 921 4041 ut
938 3990 1081 4042 malefecit
1100 4002 1124 4042 et
1143 3993 1257 4044 iecerunt
1273 3991 1360 4042 addi

114 4057 254 4129 significet]
274 4061 308 4126 dg
336 4061 464 4128 significat
482 4062 555 4113 DGL
635 4062 668 4113 14
685 4063 825 4128 singilatim
841 4062 866 4111 L
896 4060 1086 4127 singulatim&
1172 4064 1272 4113 eireueo
1291 4061 1343 4110 HL

114 4131 244 4182 commeo
263 4139 288 4180 et
305 4129 466 4197 singillatim]
487 4148 534 4183 om.
551 4131 606 4182 DK
625 4133 725 4182 eireueu
743 4132 894 4196 singillatim
912 4134 938 4181 io
952 4146 1032 4195 marg.
1053 4131 1113 4182 add.
1132 4131 1150 4181 k
1172 4134 1298 4182 circumeo
1314 4130 1376 4183 add.
1395 4129 1414 4177 d

184 4249 366 4318 ungamur,
383 4253 563 4319 singulatim&
633 4254 769 4302 circuimus
788 4250 865 4301 uon
936 4250 969 4300 ro
987 4252 1013 4301 vn
1031 4226 1099 4300 ”uvis
1116 4250 1161 4301 m
1236 4249 1412 4317 posnaniae

185 4319 218 4370 Π
237 4318 443 4384 addicantur]li
474 4323 646 4388 adiunguntur
663 4320 768 4371 usuro
796 4320 969 4385 adiunguntur
989 4318 1043 4369 HK
1133 4320 1163 4372 19
1184 4318 1312 4386 signillcet
1335 4316 1370 4385 et]
1395 4334 1414 4367 α

116 4388 246 4457 significet
263 4389 337 4440 eodd.
357 4391 485 4454 signifieat
503 4391 544 4441 uel
563 4392 621 4442 edd.
641 4398 700 4441 aute
717 4405 735 4438 u
822 4388 980 4454 quemquell
995 4403 1140 4452 quenquam
1156 4389 1178 4439 G
1246 4388 1281 4440 ‘20
1296 4404 1313 4437 a
1329 4397 1415 4439 manet

115 4459 204 4509 ιιιπω
220 4461 270 4510 mc.
289 4458 315 4507 A
332 4458 366 4521 es.
382 4463 398 4523 s
417 4460 452 4511 36
538 4461 587 4510 bue
609 4457 709 4524 tamen]
737 4459 787 4509 boe
804 4466 887 4508 autem
912 4459 1006 4511 Dresd.
1033 4457 1134 4509 Kredlii
1154 4453 1234 4521 (lis)
1320 4457 1353 4509 21
1371 4457 1413 4525 ea]

116 4542 148 4578 a
163 4527 290 4579 aduerbia
300 4527 344 4576 Ar
358 4544 402 4579 eea
412 4529 497 4594 (u)ll
562 4531 596 4579 22
614 4526 710 4594 milies]
727 4527 744 4577 d
764 4527 858 4578 millies
874 4525 930 4577 KII
997 4527 1093 4576 millies
1110 4524 1140 4576 K
1206 4526 1240 4579 23
1257 4528 1362 4579 nissiti

117 4597 167 4646 nisi
183 4596 310 4662 plumbus
328 4600 352 4645 A
423 4601 457 4651 24
473 4599 550 4649 habet
566 4599 591 4647 L
659 4598 694 4648 25
712 4596 874 4648 rectrudis
941 4602 1001 4657 post
1017 4596 1175 4661 siguiiieaut:
1194 4593 1220 4643 lu
1238 4596 1325 4646 uerbis
1343 4597 1413 4647 rrulis

115 4680 167 4715 uox
190 4667 333 4729 eademque
359 4669 428 4734 apud
451 4669 543 4719 latinos
565 4667 703 4734 singularis
722 4673 747 4715 et
765 4665 873 4730 pluralis
890 4672 928 4715 est
948 4664 974 4713 id
993 4664 1060 4728 quod
1076 4667 1145 4730 apud
1161 4679 1268 4732 graecos
1288 4667 1413 4718 interdum

115 4735 246 4787 inuenitur
263 4743 290 4783 ut
308 4750 412 4788 nannoni
430 4752 490 4790 niro
509 4751 616 4788 aarum
637 4750 729 4787 surum
750 4734 773 4784 θ
797 4734 832 4797 cs.
850 4735 867 4798 s
885 4734 933 4791 li2;
959 4735 985 4782 in
1008 4732 1030 4781 L
1054 4732 1101 4783 due
1118 4734 1136 4785 l.
1156 4736 1262 4785 domum
1284 4736 1344 4801 sere
1370 4738 1413 4787 lin.

115 4853 195 4905 dura
266 4852 301 4904 26
319 4811 447 4934 ntelmerum
465 4852 510 4905 Kk
