3322 5484
700 327 907 390 PRAEFATIO
1387 351 1453 394 xxm
1537 396 1540 401 .

123 514 227 578 ·mihi
258 514 410 600 permisit
439 514 613 599 inscripta:
674 512 715 575 ‘E
747 513 910 578 Prisciani
940 513 1025 577 libro
1061 512 1180 576 XVIII
1205 513 1284 579 sive'
1306 514 1347 578 de
1376 538 1451 580 eon-

149 616 331 680 structione
347 622 549 701 excerptum.
576 651 620 662 -
650 614 737 679 Vsus
760 614 900 679 Latinus
919 614 1048 679 Graeco
1069 615 1104 678 in
1125 614 1276 679 omnibus
1301 614 1451 701 partibus

146 717 312 798 collatus',
336 716 405 780 vidi
429 717 470 779 iis
497 717 604 780 inesse
627 725 807 781 extremam
829 715 886 784 lib.
910 715 1029 781 XVIII
1052 722 1179 802 partem
1202 716 1278 780 inde
1301 720 1362 797 ag
1391 720 1450 783 157

147 819 356 884 emendatam
377 839 450 881 cum
471 816 514 880 ad
536 816 655 899 libros,
683 817 802 904 quibus
826 825 859 882 ot
883 819 952 906 ipse
976 841 1054 882 usus
1075 839 1183 899 eram,
1210 815 1449 903 Lugdunenses

146 932 181 985 et
212 920 448 984 Grntcrianum
483 927 517 981 et
543 917 760 1002 Vossianum,
788 928 857 983 tum
886 919 929 983 ad
963 919 1163 984 editionis
1189 917 1448 984 Basileensis

147 1020 395 1108 exemplum,
418 1019 655 1106 ‘quodcum
676 1043 744 1085 ms.
763 1044 783 1085 a
806 1019 1024 1107 Scaligero
1044 1020 1247 1085 collatum
1263 1042 1369 1089 nune
1390 1020 1449 1085 bi·

146 1121 404 1187 bliothecam
426 1120 693 1187 Bodleianum
717 1127 863 1188 ornat'
914 1123 1031 1208 quodsi
1056 1120 1162 1186 editor
1182 1120 1311 1207 Anglus
1333 1121 1449 1186 ‘Scali-

144 1224 214 1308 geri
233 1223 369 1287 librum'
399 1224 446 1287 ait
469 1229 501 1286 ‘a
519 1223 675 1289 Putschio
700 1224 882 1290 adhibitum
904 1247 995 1309 esso,
1027 1225 1125 1289 certis
1149 1222 1346 1311 quibusdam
1365 1221 1449 1301 indi·
1546 1250 1560 1267 κ

146 1325 206 1388 ciis
225 1322 501 1411 deprehendimus
509 1335 531 1408 ’,
551 1323 760 1389 adiciendum
783 1335 850 1409 cst,
875 1327 983 1413 ipsum
1005 1325 1196 1390 Putschium
1218 1333 1251 1389 et
1279 1325 1314 1389 in
1336 1333 1447 1389 aucto·

145 1448 218 1489 rum
244 1424 375 1510 syllsbo
395 1447 546 1510 narrare,
578 1448 621 1491 ex
639 1426 772 1514 Iosephi
795 1426 955 1513 Scaligeri
976 1427 1061 1492 libro
1084 1427 1213 1491 Graeca
1231 1426 1385 1514 pleraque
1413 1427 1448 1489 in

145 1525 240 1589 libris
264 1526 333 1606 περὶ
355 1523 520 1603 συντάξεως
541 1550 614 1592 csse
636 1529 791 1593 restituta
799 1579 808 1611 ,
839 1538 872 1594 et
900 1529 1035 1594 uberius
1063 1531 1098 1593 in
1124 1527 1265 1614 epistula
1289 1527 1331 1591 ad
1356 1527 1448 1592 laco·
1515 1546 1520 1562 ·

145 1627 223 1692 bum
248 1627 469 1713 Bongarsium
495 1630 559 1716 ipsi
582 1629 752 1694 Prisciano
774 1652 832 1696 suo
852 1611 1033 1719 praemissa
1044 1633 1068 1666 ⁹⁰
1093 1650 1274 1715 exponere,
1305 1629 1340 1692 in
1366 1630 1447 1716 ipsis

98 1766 105 1773 -
145 1727 198 1792 bis
220 1727 317 1793 libris
339 1729 404 1794 sibi
429 1731 579 1818 inprimis
602 1732 678 1796 usui
710 1731 831 1815 luisse,
864 1754 948 1821 quae
978 1754 1020 1797 ex
1047 1730 1264 1796 illustrissimi
1287 1729 1447 1816 Scaligeri

146 1829 261 1894 codice
284 1833 483 1919 transcripta
502 1831 546 1896 ad
572 1855 607 1896 sc
627 1833 754 1896 miserit
774 1833 946 1899 Cornelius
970 1855 1037 1899 van
1057 1833 1161 1916 Dale,
1186 1840 1346 1917 cognatus
1368 1853 1446 1896 suus

147 1927 349 1996 carissimus.
400 1935 566 2020 conspirat
588 1933 718 2007 collatio
740 1934 821 2001 haee
843 1935 1055 2021 Scaligerana
1079 1933 1130 2023 (C)
1153 1933 1344 2022 plerumque
1372 1955 1445 1997 cum

144 2033 239 2097 codd.
263 2038 365 2097 BVM
381 2034 587 2100 lectionibus.
639 2038 752 2123 paucis
774 2038 914 2124 denique
936 2037 1016 2103 loeis
1041 2038 1146 2103 editor
1159 2035 1290 2120 Anglus
1309 2036 1445 2100 varias

144 2134 351 2200 lectiones
374 2134 423 2199 ab
448 2158 652 2221 anonymo
681 2138 857 2224 quodam
876 2150 1095 2228 excerptas
1118 2138 1256 2204 addidit.

232 2238 288 2301 Sic
309 2238 471 2302 etiamad
494 2237 596 2303 libros
619 2240 659 2304 de
685 2244 927 2333 constructione
955 2242 999 2307 ed
1024 2249 1226 2307 constantem
1249 2239 1444 2327 optimorum

140 2341 298 2406 librorum
313 2363 460 2406 normam
482 2339 663 2424 exigendos
686 2341 864 2409 leet't1ssimo
888 2344 983 2410 codd.
1006 2347 1182 2480 RVIIOIJL
1185 2346 1236 2406 VS
1260 2342 1365 2429 (Poe)
1388 2366 1444 2431 ap-

143 2452 262 2531 paratu
283 2451 417 2507 ornatus
435 2443 570 2507 accessi.

230 2546 299 2608 Vix
321 2546 423 2630 igitur
437 2544 611 2631 quisquam
631 2543 747 2611 harum
762 2569 870 2614 rerum
880 2549 1005 2636 peritus
1024 2548 1105 2614 vitio
1120 2546 1200 2611 mihi
1217 2553 1333 2630 vertet,
1356 2546 1444 2633 qnod

143 2647 334 2733 largissima
366 2646 560 2732 optimorum
582 2645 740 2711 librorum
762 2648 963 2735 supellectile
983 2650 1113 2733 fruens,
1143 2649 1351 2713 editiones
1376 2671 1444 2713 ve-

143 2760 253 2814 teres
275 2757 412 2812 eatenus
435 2756 560 2811 tantum
583 2748 618 2810 in
638 2769 734 2812 usum
759 2750 963 2830 vocaverim,
993 2758 1040 2831 ut,
1056 2749 1115 2812 ubi
1135 2749 1215 2835 quid
1237 2751 1319 2814 citra
1342 2749 1442 2814 libros

143 2851 223 2916 mihi
246 2860 342 2916 notos
364 2850 400 2912 in
421 2850 462 2913 iis
482 2848 689 2915 emendatum
712 2848 875 2932 viderem,
902 2849 937 2912 id
955 2858 1122 2914 enotarom
1145 2849 1258 2913 addito
1283 2849 1354 2912 eius
1376 2850 1443 2913 edi·

142 2954 243 3018 tionis
264 2949 372 3033 titulo,
394 2951 452 3015 ubi
475 2951 566 3015 illam
588 2950 761 3016 medellam
785 2949 937 3037 scriptori
955 2951 1096 3036 primum
1114 2951 1296 3014 invenirem
1317 2948 1443 3015 adhibi-

144 3063 220 3116 tam.
266 3072 333 3114 non
354 3051 505 3116 omnibus
528 3052 726 3118 editionibus
746 3075 797 3116 me
816 3053 865 3116 uti
885 3053 1047 3138 potuisse,
1067 3073 1205 3138 quarum
1221 3050 1336 3139 plenus
1355 3051 1443 3137 apud

144 3154 389 3239 Schweigcrum
403 3155 427 3189 ’⁷
446 3161 539 3218 extet
563 3152 750 3239 catalogus,
776 3154 835 3218 vix
859 3153 1015 3241 estquod
1037 3151 1181 3218 doleam:
1210 3153 1280 3219 sola
1299 3152 1368 3217 fere
1389 3152 1441 3217 ed.

145 3258 295 3321 Romana
315 3277 342 3319 s.
364 3253 387 3318 l.
409 3263 442 3319 et
464 3277 494 3319 a.
515 3256 557 3320 ab
578 3254 733 3321 Vdalrico
755 3255 864 3320 Hanio
878 3256 967 3343 typis
983 3256 1143 3342 impressa
1158 3265 1191 3321 et
1210 3255 1353 3320 editione
1365 3254 1443 3321 Iun-

145 3363 212 3426 tina
233 3379 332 3444 aegre
345 3358 447 3422 carui.

228 3459 283 3523 Ex
305 3458 408 3524 altera
426 3457 521 3523 codd.
545 3456 686 3541 familia,
710 3461 803 3524 euius
821 3461 972 3548 princeps
993 3460 1089 3525 nobis
1103 3469 1153 3525 est
1171 3465 1219 3543 It,
1238 3462 1364 3548 priores
1375 3460 1442 3525 edi-

143 3567 248 3653 tiones
271 3569 430 3648 quotquot
448 3561 482 3623 in
503 3559 654 3625 notitiam
675 3583 780 3624 meam
801 3572 1019 3650 pervenerunt
1040 3560 1207 3627 fluxerunt
1229 3585 1350 3627 omncs.
1400 3564 1443 3628 ad

144 3685 260 3728 manus
276 3674 370 3727 vero
402 3659 561 3725 beneficio
583 3664 835 3749 praesertimet
822 3662 937 3729 tbibl.
958 3665 1048 3730 univ.
1075 3663 1260 3752 Lipsiensis
1291 3673 1323 3729 et
1357 3663 1438 3728 bibl.

87 3776 93 3789 '
144 3789 212 3851 reg.
235 3762 460 3830 Berolinensis
479 3760 613 3825 fuerunt
635 3760 715 3826 hae:

231 3867 262 3950 l)
231 3864 354 3930 l.ed
373 3885 537 3951 operum
569 3865 728 3927 a.1470
761 3866 848 3931 sine
871 3866 892 3931 l.
939 3867 1072 3954 (Venet.
1107 3891 1159 3956 ap.
1194 3867 1362 3931 Vindelin.
1400 3867 1441 3930 de

145 3966 252 4056 Spita)
286 3966 404 4049 fot,
394 3991 429 4031 m
457 3991 523 4054 qua
553 3968 655 4033 instit.
681 3988 817 4051 gramm.
846 3991 889 4033 ex
911 3969 994 4035 libro
1013 3969 1100 4035 bono
1122 3971 1201 4035 satis
1224 3968 1364 4032 fideliter
1384 3988 1440 4031 cx·

144 4091 276 4157 pressae
299 4080 391 4153 sunt,
413 4068 549 4135 Graecis
571 4079 680 4134 tamen
701 4069 830 4134 omissis
850 4071 909 4157 (1).

227 4171 262 4255 2)
285 4169 461 4237 editionem
481 4173 567 4239 hane
588 4193 700 4261 presse
714 4170 904 4260 plerumque
928 4171 1076 4259 sequitur
1099 4169 1259 4235 Veneta
1283 4169 1387 4234 altera
1407 4192 1437 4234 a.

147 4274 244 4354 1472,
279 4272 335 4356 (2)
361 4272 436 4356 fot,
472 4275 530 4339 ubi
560 4275 760 4340 Graecorum
785 4295 907 4358 magna
933 4297 1010 4361 pars
1044 4296 1086 4338 ex
1114 4272 1198 4337 libro
1232 4272 1312 4335 satis
1342 4270 1438 4357 bono,

144 4375 294 4462 quamvis
313 4375 525 4440 vitiosissime
548 4378 671 4463 passim
691 4397 864 4462 expresso,
894 4376 1007 4440 addita
1029 4384 1089 4439 est.
1134 4383 1305 4458 utramque
1332 4373 1439 4440 Vene-

142 4490 206 4541 tam
229 4477 449 4542 commodavit
464 4479 546 4544 bibl.
567 4478 762 4565 Lipsiensis.

226 4578 328 4644 Haud
356 4579 454 4665 longe
480 4589 567 4646 certe
588 4580 631 4645 ab
658 4581 700 4643 iis
730 4577 926 4644 recesserint
946 4575 1020 4640 edd.
1041 4574 1163 4640 ibidem
1192 4597 1251 4662 per
1271 4579 1437 4664 proximos

208 4753 245 4806 96
273 4762 408 4819 grammat.
429 4754 483 4804 Lat.
502 4762 618 4806 unctores
636 4753 734 4816 antiqui
752 4769 779 4820 p.
799 4751 868 4818 53¹4
954 4750 988 4802 ot
1019 4749 1159 4801 Hsndbuch
1183 4751 1228 4801 dor
1244 4751 1320 4805 class.
1342 4749 1438 4801 Biblio-

141 4841 249 4908 grnphIe
268 4840 291 4890 ΙΙ
309 4841 336 4904 2,
355 4839 408 4890 822
427 4855 482 4903 sqq.
