3322 5484
320 338 366 379 rvr
861 317 1068 381 PRAEFATIO

320 522 393 564 esse
419 507 531 564 censet
553 496 705 563 Kellerus
720 501 753 581 ⁶⁶,
788 521 883 586 quem
912 501 998 565 inter
1015 498 1117 565 libros
1138 500 1180 563 ab
1201 498 1321 564 abbate
1344 500 1514 567 Grimoldo
1543 525 1620 567 cum

320 601 483 665 adiutorio
505 599 669 664 Hartmoti
692 602 869 688 praepositi
895 602 944 665 sui
964 624 1023 688 per
1045 623 1148 665 annos
1171 603 1307 686 triginta
1330 610 1363 665 et
1385 624 1485 666 unum
1507 602 1619 667 Luda-

318 703 385 767 vici
407 699 596 765 Germanici
620 711 652 764 et
674 701 784 767 Caroli
803 701 916 767 Crassi
937 701 1139 789 temporibus
1162 711 1307 790 patratos
1335 701 1449 767 laudat
1478 702 1551 768 cod.
1582 703 1616 768 S.

232 787 237 795 ⁹
318 802 406 869 Gall.
427 804 488 867 267
510 827 541 889 p.
567 802 622 864 27:
647 804 873 887 ‘grammatica
894 802 1058 868 Prisciani
1080 802 1135 868 vol
1152 804 1184 867 I’
1201 806 1234 866 ⁰⁷.
1273 805 1344 890 ipsa
1361 806 1450 868 enim
1464 803 1526 869 hac
1541 804 1617 869 Gri-

318 905 424 975 malda
446 905 565 970 abbate
586 904 736 987 Marcus,
768 907 940 992 episcopus
968 903 1099 986 scotus,
1128 907 1264 992 eiusque
1289 927 1389 990 nepas
1418 902 1616 990 Maengalus

317 1012 421 1076 Roma
449 1005 625 1071 redeuntes
653 1009 888 1070 monasterium
909 1005 1122 1091 Sangallense
1150 1007 1260 1070 adisse
1289 1005 1400 1093 ibique
1425 1004 1616 1069 consedisse

315 1119 499 1177 narrantur.
544 1108 738 1196 pertinuerit
755 1109 856 1192 igitur
876 1107 960 1173 liber
981 1117 1092 1172 noster
1112 1108 1154 1172 ad
1176 1107 1278 1171 libros
1299 1107 1419 1188 Marci,
1442 1127 1524 1194 quos
1547 1126 1616 1171 mo·

316 1214 461 1278 nasterio
477 1208 519 1273 ab
540 1212 612 1296 ipso
634 1208 772 1273 donatos
797 1232 870 1273 esse
891 1209 994 1275 refert
1015 1208 1238 1274 Ekkehardus
1252 1212 1286 1272 ⁶³.

400 1313 446 1376 Hi
467 1321 533 1403 tres
552 1310 682 1374 codices
706 1315 790 1377 GLK
810 1313 857 1374 ita
880 1313 965 1375 inter
984 1332 1019 1375 se
1042 1313 1246 1399 conspirant,
1274 1320 1310 1374 ut
1329 1318 1455 1398 pateat,
1485 1330 1541 1374 eos
1570 1328 1614 1371 ex

314 1415 429 1482 eadem
452 1413 542 1476 fante
572 1412 687 1476 ductos
709 1434 798 1493 esse,
833 1415 879 1477 ita
894 1415 985 1477 inter
1010 1435 1044 1477 se
1065 1414 1279 1493 dissentiunt,
1313 1422 1350 1476 ut
1369 1411 1452 1474 alius
1476 1429 1519 1472 ex
1547 1407 1613 1471 alia

314 1518 497 1603 descriptus
525 1536 597 1577 esse
624 1523 775 1600 nequeat.
832 1519 988 1578 Gtamen
1016 1523 1048 1578 et
1071 1520 1096 1579 L
1123 1517 1242 1579 artiore
1263 1513 1505 1601 propinquitate
1536 1530 1612 1574 can·

313 1620 418 1684 iuncti
440 1625 533 1698 sunt,
555 1621 588 1678 K
608 1615 651 1679 ad
671 1615 807 1679 alterius
829 1614 974 1679 familiae
995 1613 1090 1678 codd.
1112 1618 1246 1701 propius
1270 1636 1367 1700 saepe
1388 1611 1524 1676 accedit.
1562 1612 1612 1675 in·

315 1731 390 1785 sunt
411 1728 521 1783 tamen
536 1717 719 1779 recensioni
740 1715 814 1778 huic
835 1715 981 1779 scoticae
1004 1715 1056 1778 hic
1078 1714 1146 1778 illic
1167 1719 1328 1799 genuinae
1351 1715 1518 1780 doctrinae
1538 1732 1612 1775 ves-

312 1821 394 1905 tigia
414 1823 461 1905 (v.
482 1816 579 1880 modo
596 1814 653 1879 lib.
670 1814 686 1877 I
708 1820 728 1896 ξ
749 1817 800 1901 7),
823 1836 920 1901 saepe
936 1824 1045 1879 tamen
1063 1838 1265 1881 communem
1290 1815 1488 1902 exemplaris
1503 1812 1609 1878 Theo-

314 1920 442 1986 doriani
462 1918 602 1996 fontem,
619 1938 661 1979 ex
684 1937 747 2002 quo
769 1915 828 1980 has
847 1918 945 1980 etiam
963 1915 1075 1982 libros·
1087 1940 1239 1982 manasse
1261 1919 1378 1983 docent
1398 1916 1610 2001 subscriptio·

313 2044 371 2086 nes
394 2042 492 2107 supra
512 2016 665 2082 laudatae
672 2067 681 2099 ,
705 2016 870 2103 relinquit.
914 2039 935 2080 a
957 2017 1063 2083 Sectis
1082 2042 1160 2085 vero
1177 2021 1315 2106 scriptos
1333 2040 1405 2082 esse
1429 2018 1487 2082 has
1507 2016 1610 2082 libros

314 2123 540 2186 demonstrant
561 2122 694 2185 nomina
715 2121 910 2204 scriptorum
931 2121 967 2182 in
991 2125 1039 2184 GL
1060 2130 1320 2204 commemorata,
1342 2141 1447 2205 genus
1472 2119 1611 2205 scriptu-

311 2246 378 2306 rae,
400 2223 528 2313 glossae
552 2221 693 2307 denique
716 2229 749 2284 et
770 2222 1061 2306 interpretamenta
1079 2221 1176 2305 Irica,
1198 2244 1284 2310 quae
1300 2223 1340 2286 iis
1363 2221 1507 2308 ascripta
1520 2227 1609 2302 sunt,

312 2326 358 2389 ita
385 2334 509 2406 tamen,
544 2331 581 2386 ut
603 2320 828 2408 sangallensis
856 2326 951 2409 capia
972 2346 1083 2389 aarum
1104 2325 1248 2410 reliquos
1267 2322 1364 2407 lange
1387 2330 1558 2409 superaret
1573 2323 1631 2384 ⁸⁹(

310 2421 394 2488 tales
420 2422 521 2488 libros
554 2424 652 2487 etiam
679 2425 715 2486 in
742 2423 905 2489 ditissima
932 2427 1121 2492 monasterii
1151 2425 1325 2491 Bobiensis
1353 2447 1372 2487 a
1403 2422 1608 2488 Columbaria

311 2525 460 2591 Hiberna
482 2524 605 2590 conditi
625 2525 825 2590 bibliotheca
846 2536 994 2593 servatos
1018 2528 1120 2593 fuisse
1139 2537 1268 2594 constat
1281 2530 1315 2610 ⁷⁰,
1346 2548 1427 2613 quos
1449 2535 1527 2612 ‘pro
1549 2545 1607 2589 va·

379 2734 415 2786 aa
438 2733 455 2787 l.
477 2733 494 2784 l.
513 2750 539 2800 p.
561 2736 596 2786 82
681 2736 715 2823 a]
741 2734 776 2785 ci.
796 2735 910 2802 Ratperti
933 2751 1008 2788 casus
1033 2735 1059 2788 S.
1079 2738 1145 2790 Galli
1169 2754 1210 2804 ap.
1231 2738 1356 2789 Pertaium
1380 2749 1493 2785 monum.
1519 2733 1605 2786 Germ.

310 2823 370 2873 hist.
389 2825 412 2874 ll
431 2823 465 2874 70
534 2819 569 2873 08
585 2821 731 2872 Eltltehardi
750 2827 825 2873 casus
843 2822 870 2877 S.
883 2824 951 2875 Galli
969 2840 1011 2890 ap.
1031 2825 1158 2876 Pertzinm
1177 2826 1195 2874 l.
1214 2824 1231 2874 l.
1250 2841 1277 2890 p.
1293 2824 1335 2876 78.
1357 2829 1423 2871 certe
1443 2818 1500 2869 eod.
1521 2827 1609 2868 noster

310 2923 359 2958 non
377 2910 400 2960 is
418 2916 469 2971 est,
488 2909 515 2958 in
533 2906 583 2958 flue
600 2909 746 2975 mutilatus,
771 2911 856 2973 quiin
875 2910 991 2977 catalogo
1010 2910 1073 2963 bibl.
1094 2910 1268 2977 sangallensis
1285 2924 1352 2961 saec.
1371 2910 1442 2957 Vllll
1462 2908 1532 2972 (cod.
1555 2909 1607 2959 728

309 3010 335 3060 p.
357 2992 402 3058 20)
421 2995 459 3043 sic
476 2993 642 3046 describitur:

413 3081 500 3130 ‘Libri
518 3082 640 3146 prisciani
660 3082 693 3130 de
710 3088 765 3130 acta
781 3082 895 3145 partibus
911 3080 972 3128 XVI

411 3166 473 3214 Item
493 3166 607 3216 eiusdem
625 3165 658 3215 de
676 3167 863 3215 constructione
882 3166 991 3230 partium
1011 3167 1134 3215 orationis
1153 3165 1210 3214 libri
1230 3164 1250 3213 11

411 3250 471 3299 Item
488 3250 522 3298 ad
540 3249 687 3300 Sinrncbum
707 3250 738 3300 de
756 3250 847 3316 figuris
864 3264 1025 3302 numerorum
1042 3250 1116 3302 liber.
1130 3250 1195 3301 haec
1213 3251 1299 3300 omnia
1317 3250 1343 3298 in
1362 3248 1413 3301 val,
1434 3251 1472 3302 l’.

308 3349 337 3383 ac
354 3334 473 3385 similiter
490 3333 549 3384 inde
567 3337 592 3384 in
612 3337 667 3385 aad.
685 3335 736 3386 207
759 3353 785 3402 p.
807 3338 855 3407 22¹:
885 3337 958 3386 ‘libri
984 3337 1163 3402 grammaticae
1185 3337 1247 3386 artis
1271 3334 1351 3384 XVl’
1372 3341 1418 3384 etc.
1447 3334 1510 3384 haec
1534 3337 1600 3385 enim

306 3422 472 3472 Weidmanni
496 3420 604 3488 (Gescb.
625 3422 652 3473 d.
671 3422 815 3473 Bibliothek
832 3437 882 3472 van
900 3421 926 3473 S.
947 3422 1036 3473 Gallen
1055 3439 1081 3488 p.
1101 3422 1152 3475 394
1178 3438 1202 3472 u.
1220 3422 1289 3485 548)
1316 3423 1439 3472 sententia
1458 3437 1487 3472 ea
1507 3420 1601 3471 reluta-

306 3514 355 3572 tm,
373 3518 441 3558 recte
460 3508 597 3558 adnatante
614 3507 719 3559 Zeussio
738 3509 755 3557 Ι.
773 3507 790 3561 l.
810 3523 838 3573 p.
858 3507 933 3571 XIX,
958 3510 1027 3573 quad
1049 3511 1096 3560 iste
1120 3509 1185 3559 liber
1204 3524 1252 3559 non
1272 3509 1298 3558 in
1315 3510 1425 3575 priorem
1445 3509 1513 3558 illius
1531 3518 1601 3559 cata-

306 3591 359 3658 logi
382 3601 480 3657 partem
502 3595 569 3643 inter
586 3592 682 3642 ‘libros
705 3596 810 3644 scottice
835 3596 958 3661 scriptos’
982 3607 1100 3662 receptus
1124 3603 1170 3647 cst.
1208 3595 1287 3646 multo
1314 3596 1397 3645 minus
1425 3603 1509 3644 autem
1536 3595 1600 3645 haec

304 3680 432 3743 pertinent
449 3679 482 3728 ad
501 3679 557 3731 eod.
575 3678 699 3728 Prisciani
717 3682 822 3731 maioris
840 3679 954 3748 sangall.
972 3681 1040 3744 903,
1068 3683 1111 3745 qni
1131 3681 1234 3744 quidem
1252 3680 1379 3733 lidelausa
1395 3683 1427 3731 ab
1444 3682 1524 3730 Arrio
1543 3697 1599 3731 sae-

306 3763 391 3814 culnm
416 3779 510 3816 nonum
535 3779 671 3830 superare,
698 3765 761 3815 mibi
785 3773 869 3817 autem
893 3781 942 3818 non
967 3770 1034 3819 ultra
1056 3784 1125 3821 saec.
1146 3769 1182 3819 XI
1200 3770 1312 3833 scriptus
1335 3784 1392 3817 esse
1416 3770 1528 3819 videtur.
1565 3769 1598 3819 de

305 3851 423 3902 omnibus
441 3851 483 3901 his
502 3859 526 3901 et
546 3850 578 3900 de
601 3851 708 3915 reliquis
733 3852 808 3902 codd.
832 3853 954 3904 Prisciani
981 3853 1185 3921 sangallensium
1205 3855 1438 3914 vicissitudinibus,
1466 3869 1529 3917 quas
1556 3854 1598 3904 hic

304 3938 451 4002 perquirere
470 3936 574 4003 longum
592 3946 645 3998 est,
666 3935 701 3989 cl.
721 3936 917 3990 Weidmannum
937 3938 956 3994 l.
975 3941 992 3989 Ι.
1013 3956 1039 4007 p,
1056 3941 1107 3994 304
1122 3957 1162 4004 sq.
1180 3940 1229 3991 tal
1250 3939 1311 3992 4¹29.
1323 3939 1384 3993 436.
1404 3940 1505 3991 codices
1523 3941 1597 3999 duos,

304 4024 348 4085 qui
366 4024 426 4074 inde
444 4024 476 4074 ad
491 4023 643 4074 Turicenses
658 4033 828 4096 pervenerunt
845 4042 870 4078 a.
891 4026 967 4084 tila,
986 4026 1072 4076 Turici
1091 4027 1144 4077 vidi
1164 4028 1189 4076 in
1206 4027 1268 4076 bibl.
1291 4026 1373 4093 publ,
1392 4025 1498 4076 alterum
1517 4026 1597 4077 libros

303 4105 387 4158 XVlll
406 4108 613 4175 complectentem
631 4124 714 4169 saec,
733 4110 859 4171 citatior,
879 4111 916 4160 111
934 4109 1135 4176 (certasset.
1154 4128 1213 4167 atta.
1233 4113 1302 4179 23),
1327 4113 1449 4172 altanim,
1468 4113 1598 4178 fragmen-

304 4198 355 4241 tum
374 4192 556 4245 1111101111-
573 4195 598 4245 X
616 4197 756 4256 continens,
780 4211 848 4248 saec.
868 4195 906 4253 11;
936 4197 1037 4247 tertiani
1062 4199 1189 4260 quendam
1212 4201 1325 4250 eiusdem
1348 4199 1412 4248 bibl.
1438 4200 1596 4250 Priscianum

303 4277 426 4328 maiorem
444 4295 466 4329 s.
485 4279 531 4332 1111
551 4283 687 4349 descripsit
704 4283 862 4334 Fritzscbius
877 4284 904 4332 in
923 4283 975 4332 iud.
997 4283 1055 4334 lect.
1075 4285 1148 4336 acad.
1160 4286 1243 4334 Turio.
1264 4301 1288 4334 a.
1301 4285 1368 4335 1818
1388 4294 1451 4334 aest.
1471 4300 1497 4350 p.
1514 4283 1545 4334 10
1556 4301 1596 4349 sq.

371 4363 405 4414 00
428 4366 460 4415 de
482 4367 522 4418 hls
546 4369 641 4435 glossis
665 4368 699 4421 cl.
719 4384 777 4420 cum
794 4367 891 4417 Pettius
915 4367 955 4417 die
975 4368 1116 4418 keltischen
1135 4369 1265 4435 sprachen
1289 4372 1315 4419 in
1336 4370 1442 4420 Godelit
1468 4368 1595 4419 Dentsche

302 4446 510 4504 Wochenscbrilt
533 4471 557 4505 a.
582 4455 649 4506 1854
670 4454 735 4507 iaso.
758 4453 789 4504 lo
811 4461 836 4502 et
860 4453 885 4500 in
903 4452 970 4504 Hali.
995 4452 1058 4519 alig.
1077 4455 1126 4504 111.
1145 4454 1206 4508 Zeit.
1230 4454 1311 4506 lateii.
1331 4454 1370 4504 Bl.
1394 4470 1418 4505 a.
1439 4454 1593 4511 1810111,

300 4532 346 4580 ubi
364 4533 421 4583 cod.
441 4536 573 4591 Leidensls
596 4540 698 4608 glossas
721 4556 754 4592 ex
776 4538 926 4604 apographo
948 4555 1005 4590 mea
1025 4540 1120 4603 edidit,
1147 4549 1199 4590 tom
1217 4540 1337 4590 Zeassins
1353 4554 1462 4605 gramm.
1481 4539 1545 4591 Celt.
1564 4539 1592 4593 ll.

300 4630 380 4681 supra
397 4618 424 4671 ll.
444 4629 468 4670 et
486 4639 513 4688 p.
532 4627 583 4678 984
601 4643 659 4691 sqq.
679 4627 747 4680 1010
763 4641 835 4690 sqq,
853 4624 897 4673 ubi
916 4626 1006 4691 copiae
1024 4626 1082 4677 cad.
1101 4625 1291 4693 sangallensis,
1311 4624 1513 4676 Caralirubensis
1531 4640 1595 4688 quo·

301 4717 350 4764 qne
367 4702 427 4754 libri
446 4709 662 4774 resarciremus,
688 4714 715 4762 'sn
734 4713 816 4762 breem
835 4708 950 4774 prolatae
968 4719 1026 4760 sunt
1112 4713 1147 4763 70
1166 4728 1190 4762 v.
1210 4713 1380 4761 inventarium
1398 4726 1467 4763 saec.
1487 4712 1510 4761 X
1528 4711 1595 4761 inira

299 4786 429 4840 laudatum
456 4792 525 4858 apud
554 4794 719 4845 Mutatarium
744 4799 841 4859 antiqq.
871 4795 927 4849 ital.
945 4796 979 4845 111
999 4797 1050 4849 810
1069 4798 1127 4848 coll.
1149 4813 1175 4863 p.
1195 4797 1244 4848 871
1271 4806 1296 4848 et
1319 4798 1454 4847 inventarii
1482 4811 1505 4845 a.
1526 4796 1592 4848 1101
