3322 5484
702 366 910 429 PIIIEFATIO
1408 391 1456 436 ω

146 573 192 615 ex
214 553 289 636 ipsa
310 548 440 615 Krehlii
461 551 608 616 editione
631 561 741 639 petere
762 550 843 615 mihi
867 548 961 616 licuit
985 570 1027 615 ex
1048 550 1222 617 collatione
1244 574 1264 616 a
1285 554 1313 616 F
1313 554 1453 622 riderico

145 652 390 732 Lindemanno,
412 652 466 715 eui
487 662 521 716 et
538 653 602 740 ipsi
621 675 642 717 a
655 652 824 718 Friderico
843 649 1006 717 Oreuzero
1021 651 1127 717 codex
1142 656 1355 720 transmissus
1370 667 1452 741 erat,

146 777 236 820 anno
262 756 342 818 1818
365 752 408 817 ad
427 754 480 820 ed.
503 754 739 820 Putscbianam
760 753 928 834 instituta,
948 774 1047 839 quam
1073 753 1211 819 Henrici
1228 754 1330 820 Keilii
1353 756 1451 823 bene·

147 857 224 921 ticio
252 855 365 921 debeo.
411 854 518 920 codex
534 858 563 920 is
585 857 737 938 membr,
758 856 884 920 formae
899 856 1080 938 maximae,
1098 854 1384 923 Halberstadieusi
1401 881 1451 925 re-

146 960 277 1025 centior
290 961 326 1040 ⁸⁹,
349 955 472 1020 desinit
493 957 529 1019 in
551 978 639 1022 voce.
661 957 718 1023 lib.
738 956 823 1022 XVI
844 959 864 1036 ξ
890 960 926 1018 14
949 961 1039 1021 ‘nam
1057 957 1233 1045 equidem’.

234 1060 319 1126 Cum
341 1077 421 1123 vero
443 1056 539 1121 codd.
562 1079 663 1146 supra
685 1058 874 1123 memoratis
894 1057 937 1122 ad
956 1058 1175 1125 recensendos
1197 1058 1299 1124 libros
1320 1059 1449 1145 priores

147 1162 299 1228 sedecim
316 1168 477 1247 apparatu
498 1157 589 1246 large
605 1158 790 1223 sufficiente
809 1159 989 1223 instructus
1006 1160 1086 1224 mihi
1106 1159 1254 1243 viderer,
1278 1182 1373 1225 secur
1395 1182 1449 1225 res

149 1286 224 1329 sese
246 1261 391 1328 babebat
417 1262 452 1324 in
479 1259 574 1326 libris
596 1257 723 1324 duobus
750 1257 791 1322 de
816 1262 1057 1327 constructione
1079 1262 1311 1346 emendandis,
1345 1264 1402 1350 qui
1429 1285 1450 1328 a

146 1364 382 1430 vetustissimis
396 1358 434 1426 ‘ct
456 1363 587 1448 optimis
609 1359 702 1424 libris
729 1381 827 1445 saepe
843 1362 996 1445 aberant,
1025 1372 1061 1428 ut
1081 1386 1123 1428 ex
1144 1365 1226 1428 meis
1242 1368 1320 1428 Bet
1338 1369 1368 1428 Ι)
1387 1363 1449 1429 soli

145 1464 263 1551 plenos
291 1485 348 1527 eos
375 1462 552 1545 adderent,
587 1460 725 1527 Graecia
753 1458 918 1548 plerisque
946 1462 999 1527 vel
1028 1486 1050 1528 a
1069 1470 1097 1529 1)
1118 1466 1260 1530 omissis.
1314 1466 1449 1529 namin

146 1568 268 1628 BIIKA
287 1562 364 1628 libri
383 1563 432 1629 illi
454 1566 586 1629 omnino
612 1560 785 1644 deficiunt,
816 1569 841 1627 G
862 1573 938 1629 ante
958 1563 1078 1629 librum
1101 1565 1201 1629 XVII
1221 1564 1365 1628 medium
1393 1563 1449 1627 de·

147 1668 244 1748 sinit,
271 1670 303 1729 P
318 1663 514 1752 particulam
546 1673 672 1730 tantum
703 1661 780 1729 libri
802 1663 923 1728 XVIII
947 1687 1083 1753 eamque
1105 1665 1217 1731 multis
1238 1665 1367 1730 omissis
1388 1666 1448 1728 im-

146 1765 327 1853 perfectam
348 1758 499 1854 praebat,
520 1767 555 1833 in
576 1771 602 1832 L
620 1764 819 1851 gravissima
840 1767 987 1832 eiusdem
1004 1766 1082 1832 libri
1094 1788 1172 1854 pars
1190 1769 1372 1854 intercepta
1385 1775 1446 1832 est.

147 1867 213 1931 alia
239 1867 344 1952 igitur
365 1867 407 1932 ad
427 1869 633 1956 provinciam
658 1866 750 1931 illam
771 1866 1066 1933 administrandam
1088 1867 1237 1934 subsidia
1260 1867 1449 1955 quaerenda

146 1978 257 2050 eram,
288 1991 332 2033 ex
352 1970 472 2056 quibus
493 1969 605 2036 verbis
627 1969 822 2055 praesertim
841 1967 981 2034 Graecis
1001 1978 1127 2035 certum
1147 1969 1269 2057 ubique
1285 1968 1447 2035 medellae

146 2070 399 2136 fundamentum
422 2069 676 2141 substrueretur·

229 2172 321 2237 Nihil
350 2173 452 2258 igitur
482 2173 667 2257 exoptatius
694 2174 880 2257 contingere
903 2171 984 2236 mibi
1010 2174 1132 2259 potuit,
1162 2194 1260 2260 quam
1290 2184 1328 2239 ut
1356 2177 1420 2255 1)
1409 2201 1445 2242 m

144 2273 216 2338 cod.
243 2271 346 2338 bibl.
374 2272 606 2358 bugd-Bet.
627 2273 741 2338 Voss.
765 2272 795 2338 O
817 2275 860 2360 (i.
884 2297 913 2339 c.
936 2273 1059 2339 formae
1081 2284 1233 2357 octavae,
1263 2285 1315 2341 ast
1336 2285 1445 2344 autam

143 2377 254 2462 potius
278 2373 395 2463 quadr.
418 2374 514 2464 min.)
538 2375 576 2435 12
597 2375 701 2461 (V)⁹⁰,
721 2375 868 2460 membr,
891 2377 1043 2442 foliorum
1066 2378 1117 2459 72,
1138 2378 1261 2442 saeculi
1273 2376 1376 2443 VIIII
1390 2381 1446 2446 vel

144 2476 180 2542 X
199 2477 361 2557 ineuntis,
380 2477 559 2562 reperirem
575 2477 750 2562 gemellum
774 2476 898 2543 codicis
918 2483 963 2562 R,
983 2478 1047 2565 ipsi
1063 2477 1151 2542 haud
1176 2479 1343 2567 imparem.
1387 2484 1445 2569 qui

141 2579 296 2668 quamvis
322 2577 365 2642 ab
391 2577 487 2666 initio
518 2577 653 2642 mutilus
676 2579 826 2665 -incipit
855 2581 943 2644 enim
971 2578 1102 2644 demum
1136 2579 1178 2644 ab
1204 2574 1445 2665 ‘muncupata
1487 2577 1489 2581 ’

141 2682 222 2760 εἴιμ’
245 2677 304 2743 lib.
328 2677 447 2742 XVIII
471 2682 492 2759 ξ
513 2679 554 2742 92
581 2679 645 2761 vel,
665 2679 694 2743 si
710 2681 836 2744 laceras
856 2680 994 2745 duorum
1015 2679 1168 2745 foliorum
1183 2683 1363 2768 particulas
1386 2684 1443 2748 ad-

143 2802 315 2862 numeres,
340 2779 381 2843 ab
406 2777 572 2846 ‘homines
592 2779 720 2844 dicere’
744 2784 764 2861 ξ
786 2781 826 2844 86
844 2830 874 2864 .,
905 2791 1016 2846 tamen
1037 2802 1097 2868 per
1125 2804 1198 2845 eam
1220 2792 1371 2868 uersatus
1393 2794 1444 2849 est

141 2882 219 2948 libri
241 2880 363 2945 XVIII
384 2889 526 2969 partem,
544 2901 628 2967 quae
650 2882 851 2947 Graecorum
873 2891 1042 2948 auctorum
1064 2880 1212 2968 reliquiis
1236 2893 1347 2948 scatet.
1375 2894 1442 2950 tres

141 2991 273 3071 praeter
300 2981 381 3047 folia
409 2982 505 3048 modo
527 2994 777 3050 commemorata
798 2985 1030 3070 quaterniones
1050 2985 1193 3069 perisse,
1222 2982 1328 3054 ut.ab
1349 2985 1443 3050 initio

141 3085 198 3150 lib.
218 3083 341 3148 XVIII
363 3085 434 3150 cod.
458 3083 536 3149 olim
558 3107 651 3151 orsus
672 3085 733 3168 sit,
767 3085 886 3150 docent
904 3094 1001 3149 notae
1025 3081 1164 3168 singulis
1186 3083 1340 3173 deinceps
1363 3109 1442 3173 qua-

143 3185 349 3252 ternionibus
380 3185 522 3252 additae.
576 3185 674 3250 finem
704 3184 762 3252 lib.
795 3184 915 3250 XVIII
941 3184 1016 3263 (fol.
1046 3183 1125 3270 ὅθι)
1159 3186 1283 3273 excipit
1309 3209 1442 3255 carmen

143 3293 248 3352 ‘uam
275 3303 399 3352 ravuu
425 3305 473 3352 nn
498 3303 720 3354 rosnarusvs
749 3305 794 3353 ar
822 3293 1015 3351 uussvnrs’
1049 3283 1123 3368 (fol.
1146 3288 1267 3351 tor-
1285 3289 1375 3374 52v)
1408 3300 1443 3356 at

142 3398 330 3455 ‘torma
360 3398 620 3454 uriacorouvu’
644 3389 683 3476 (f.
705 3391 793 3472 biv,
824 3389 926 3474 53r);
954 3392 1125 3475 praeterea
1147 3388 1260 3454 insunt
1277 3390 1442 3457 Prisciani

143 3491 184 3557 de
214 3491 332 3577 figuris
362 3512 586 3573 numerorum,
622 3491 663 3555 de
695 3492 807 3556 metris
822 3489 985 3554 'Terentii
1010 3499 1044 3554 et
1068 3489 1207 3555 aliorum
1234 3493 1441 3577 comicorum,

143 3591 183 3657 dc
208 3591 580 3678 praeexercitaminibus
603 3589 773 3657 rhetoricis
799 3588 903 3655 libelli
927 3588 966 3673 (f.
989 3593 1057 3656 o‘tv
1078 3629 1121 3639 ——
1136 3592 1231 3678 itr),
1254 3592 1365 3659 Rufini
1387 3595 1442 3659 de-

143 3694 242 3780 nique
264 3690 301 3755 in
324 3700 429 3756 metra
450 3691 651 3758 Terentiana
665 3692 890 3757 commentarii
911 3691 1043 3756 initium
1064 3712 1169 3779 usque
1189 3692 1233 3758 ad
1251 3696 1355 3761 verba
1378 3703 1440 3762 ‘ne

144 3794 227 3861 forte
245 3791 481 3880 impru(dens)’
505 3817 535 3879 p.
559 3797 643 3859 2709
663 3793 701 3857 Ρ.

228 3893 362 3960 Contuli
383 3902 551 3979 praetcrea
568 3895 612 3959 ad
625 3895 756 3960 eosdem
773 3895 832 3959 bos
855 3893 958 3960 libros
974 3897 1194 3963 recensendos
1217 3901 1255 3981 2,
1278 3900 1312 3984 3)
1335 3897 1438 3961 libros

146 3997 224 4062 duos
250 3998 288 4060 in
314 3992 504 4059 membrana
530 3996 655 4061 formae
686 3997 850 4061 maximae
878 3996 1033 4084 scriptos,
1064 3999 1123 4085 qui
1147 3998 1226 4064 olim
1249 3999 1440 4064 monasterii

145 4097 353 4185 Neapolitani
368 4094 402 4159 S.
425 4095 559 4161 Ioannis
577 4097 617 4162 de
641 4096 855 4180 Carbonaria,
878 4120 966 4163 nunc
979 4097 1064 4163 inter
1084 4098 1184 4165 bibl.
1207 4098 1440 4188 palat.Vin-

147 4197 399 4263 dobonensis
430 4197 544 4263 codd.
580 4198 677 4285 phil.
713 4197 800 4264 Lat.
837 4222 989 4264 numeros
1018 4198 1282 4267 COOXLVII
1314 4201 1376 4284 (S)
1407 4208 1440 4264 et

149 4296 433 4365 cccxuvln
454 4301 511 4385 (Ν)
539 4300 702 4385 obtinent,
732 4302 773 4368 ab
798 4300 997 4367 Endlichero
1022 4311 1177 4368 accurata
1205 4302 1387 4389 descriptos
1405 4302 1440 4369 ⁸¹.

150 4520 228 4574 lettres
247 4524 281 4575 de
298 4523 433 4577 Bruxelles
454 4528 530 4590 1844,
548 4528 599 4581 387
611 4544 650 4591 sq.
671 4527 716 4594 (ex
734 4528 838 4580 schedis
856 4526 1016 4577 Wietbeiurii
1035 4541 1118 4581 esoo.
1139 4526 1219 4592 lesu).
1254 4527 1437 4595 Confidentiae,

151 4610 188 4659 ubi
205 4612 261 4663 eod.
280 4619 369 4661 extare
387 4617 525 4680 suspiceris
543 4646 554 4654 ·
571 4615 673 4666 Goerris
692 4616 759 4665 enim
778 4613 859 4664 luisse
875 4612 968 4663 dicitur
983 4642 993 4652 -
1007 4611 1066 4662 coil.
1085 4614 1184 4684 Pertaip
1203 4614 1299 4666 Archia
1317 4618 1377 4667 Vlll
1393 4619 1437 4680 ²4,

152 4695 313 4748 iraatraeum
332 4701 449 4760 qrraesivi
529 4700 905 4766 aaruoiceurehuoi.1.p.
926 4699 963 4748 XI
1043 4698 1078 4751 90
1100 4701 1175 4755 catal.
1196 4702 1258 4752 bibi.
1278 4702 1361 4769 bugd.
1380 4703 1435 4755 Bm.

153 4795 204 4836 tau,
222 4783 283 4835 551,
303 4798 331 4849 p.
349 4783 402 4836 386
454 4813 458 4820 ‚
481 4789 513 4841 oi
533 4788 609 4839 catal.
628 4788 705 4839 codd.
723 4788 789 4854 phil.
811 4787 867 4841 Lat.
886 4785 948 4837 bibi.
969 4785 1050 4839 Palat.
1067 4787 1179 4845 Vindob.
1198 4805 1225 4856 p.
1243 4792 1334 4841 242-
1347 4789 1398 4840 244
1414 4795 1440 4838 et

154 4881 175 4931 p.
192 4871 240 4921 244
254 4885 295 4934 sq·
