3322 5484
287 385 351 426 xtra
831 360 1039 423 PRAEFATIO

288 549 458 614 doctorum
483 566 561 610 cura
589 543 706 629 dignos
737 544 842 610 videri
872 544 974 609 libros
1001 544 1082 608 duos
1112 540 1243 607 saeculo
1264 530 1350 605 nono
1372 540 1585 625 conscriptos,

288 651 360 715 cod.
381 672 463 713 mus.
489 646 572 711 Brit.
589 644 714 711 Harlei.
732 648 824 728 2674,
848 645 994 727 membr„
1017 644 1182 731 quondam
1204 643 1237 707 S.
1253 641 1383 708 Nicolai
1401 663 1504 727 prope
1521 640 1585 706 Ou-

289 775 378 834 sam,
406 749 568 815 Prisciani
591 769 727 832 gramm.
752 749 852 813 libros
876 746 995 813 XVIII
1018 747 1239 812 continentem
1260 746 1295 811 in
1315 744 1380 808 fine
1400 741 1533 808 mutilos
1549 746 1584 825 ⁷⁸,

288 863 322 918 et
342 852 423 919 bibl.
447 851 615 916 seminarii
631 849 943 935 Augustodunonsis
957 847 1028 913 cod.
1043 870 1104 914 ms.
1116 857 1160 912 n.
1183 853 1223 912 -to
1236 848 1263 928 *,
1286 848 1344 934 qui
1365 845 1468 912 libros
1492 846 1585 911 sede·

288 958 352 1022 cim
374 955 499 1042 priores
523 952 746 1039 complectitur
760 955 794 1016 ⁷⁷.
1619 936 1627 950 '

373 1056 457 1121 Cum
481 1057 582 1140 igitur
603 1054 693 1119 haud
721 1053 859 1118 multum
877 1054 1035 1118 interesse
1058 1053 1205 1116 viderem
1212 1099 1221 1133 ,
1242 1073 1411 1138 quosnam·
1421 1049 1518 1115 huius
1542 1053 1587 1111 la-

287 1160 397 1223 miliae
419 1156 521 1221 libros
542 1157 628 1221 inter
649 1177 720 1238 eos,
744 1156 800 1242 qui
822 1164 854 1218 et
870 1163 1034 1219 vetustate
1049 1163 1083 1218 et
1102 1152 1249 1219 bonitate
1270 1154 1418 1239 proxime
1433 1151 1476 1216 ad
1490 1149 1586 1216 codd.

286 1263 346 1324 RB
364 1256 540 1341 accedunt,
563 1269 693 1346 praeter
714 1257 773 1322 hos
795 1256 838 1320 ad
861 1256 983 1321 sensim
1003 1255 1180 1340 gliscentes
1198 1256 1415 1342 corruptionis
1436 1273 1586 1340 progres-

288 1384 345 1427 sus
360 1361 629 1427 demonstrandos
645 1360 837 1441 conferrem,
861 1357 943 1423 duos
962 1358 1167 1443 potissimum
1189 1379 1260 1422 eam
1283 1358 1324 1423 ob
1338 1378 1470 1422 causam
1489 1352 1586 1437 elegi,

288 1462 374 1550 quod
396 1462 516 1546 altero,
537 1461 833 1549 Bongarsiano
857 1461 929 1543 (D),
951 1467 1082 1545 praeter
1102 1458 1353 1544 Gruterianum‚
1373 1480 1470 1544 quern
1494 1455 1587 1541 etip-

288 1587 359 1630 sum
381 1565 416 1628 in
439 1586 534 1628 usum
556 1586 751 1631 vocaveram
759 1591 769 1647 ,
796 1584 875 1625 usus
901 1560 978 1627 olim
1000 1571 1071 1626 erat
1091 1560 1285 1644 Putschius,
1322 1561 1461 1625 alterum
1489 1555 1588 1621 Hal·
1645 1545 1650 1554 ’

286 1667 402 1730 berst
412 1665 621 1731 adienscm
637 1667 713 1752 (H),
728 1687 824 1752 quem
840 1662 1033 1727 Lutborium
1045 1684 1216 1748 perperam
1231 1664 1317 1729 dixit
1331 1667 1365 1747 ²⁸,
1388 1662 1503 1726 ducem
1516 1659 1587 1722 fere

288 1767 351 1830 sibi
372 1766 516 1849 elegerat
537 1766 706 1830 Kmhlius.
1428 1786 1432 1791 ’

373 1865 496 1930 Εοιιιιιι
516 1867 675 1931 librorum
691 1866 725 1951 7)
747 1867 792 1945 is,
812 1864 915 1927 instit.
938 1885 1074 1946 gramm.
1100 1864 1201 1931 libros
1223 1865 1441 1952 complectens
1461 1884 1586 1944 omnes,

255 1977 257 1981 '
288 1971 345 2058 qui
371 1968 448 2033 olim
471 1967 502 2031 S.
528 1967 639 2031 Basoli
658 1988 759 2053 prope
782 1960 901 2030 Remos
931 1969 1013 2051 fuit,
1041 1980 1110 2034 tum
1139 1967 1251 2033 lacobi
1280 1968 1473 2054 Bongarsii,
1500 1986 1588 2030 nunc

288 2082 339 2137 cst
363 2068 444 2135 bibl.
470 2068 645 2134 Bemensis
677 2065 829 2153 publicae
860 2069 931 2133 cod.
964 2074 1039 2152 109,
1074 2070 1211 2135 membr.
1218 2118 1227 2152 ,
1262 2069 1386 2134 formae
1414 2067 1588 2133 maximae.

288 2172 417 2238 saeculo
453 2192 538 2236 nono
566 2191 640 2233 eum
667 2170 816 2254 assignat
848 2169 1005 2235 Sinnerus
1022 2175 1054 2255 ⁷⁰,
1087 2172 1239 2258 equidem
1268 2194 1288 2234 a
1309 2173 1412 2236 variis
1434 2169 1588 2234 manibus

288 2283 451 2340 nonanto
473 2270 639 2337 saeculum
662 2270 696 2333 X
724 2271 881 2356 scriptum
910 2294 982 2336 esse
1006 2296 1134 2339 censeo.
1179 2272 1372 2338 exciderunt
1401 2273 1587 2361 quaternio·

287 2398 346 2440 nes
368 2374 404 2437 Π
424 2383 458 2438 et
477 2372 596 2438 XVIII
620 2372 742 2457 signati
763 2371 820 2464 (cf.
843 2373 985 2437 ann-ad
1006 2373 1063 2439 lib.
1083 2375 1100 2439 I
1121 2380 1140 2455 8
1160 2378 1200 2438 33
1224 2375 1312 2440 XIII
1335 2377 1412 2462 31),
1448 2394 1587 2460 quorum

287 2487 397 2542 tamen
418 2476 505 2540 hune
524 2498 567 2538 ιιι.
590 2473 679 2537 baud
699 2473 801 2538 multo
821 2476 928 2539 iunior
953 2476 999 2538 ita
1022 2477 1231 2559 instauravit,
1255 2489 1291 2542 ut
1312 2487 1492 2542 extremam
1508 2495 1586 2561 pag.

286 2597 384 2639 unam
407 2584 440 2638 et
458 2573 627 2638 dimidiam
650 2575 753 2638 variis
769 2575 934 2661 excerptis
952 2598 995 2640 ex
1012 2576 1162 2663 patribus
1178 2580 1385 2664 potissimum
1398 2574 1585 2656 Ambrosio,

287 2675 475 2763 Augustino
495 2683 556 2737 etc.
580 2673 770 2739 Tironianis
792 2676 916 2761 passim
938 2678 1024 2741 notis
1040 2672 1141 2742 utens
1159 2679 1315 2766 explerit3
1339 2701 1440 2743 unum
1462 2676 1519 2742 fol.
1542 2698 1585 2739 ιιι.

287 2801 353 2843 rec.
383 2776 532 2842 additum
556 2775 613 2839 lib.
635 2774 703 2840 VII
727 2778 747 2855 ἓ
770 2779 828 2858 85,
860 2777 988 2842 adiecto
1009 2779 1128 2862 altero,
1167 2780 1255 2866 quod
1277 2781 1588 2845 medicamentorum

287 2879 436 2944 formulis
458 2888 519 2942 etc.
543 2877 701 2942 refertum
723 2885 783 2942 est.
829 2879 907 2941 item
927 2876 984 2943 lib.
1006 2879 1125 2944 XVIII
1148 2885 1168 2962 ξ
1192 2885 1229 2946 31
1252 2893 1325 2968 post
1348 2905 1440 2948 voce.
1473 2888 1589 2944 ‘cassa

287 2981 401 3046 fraude
423 2987 534 3066 parat’
558 2980 674 3043 maiori
696 2981 783 3066 parti
802 2981 942 3065 paginae
963 2982 1056 3045 varia
1076 2977 1125 3046 de'
1139 2985 1263 3070 epactis
1285 2994 1317 3049 et
1335 2984 1475 3049 curiales
1489 3003 1588 3070 quae·

287 3084 362 3146 dam
396 3103 502 3165 nugae
531 3083 617 3144 notis
642 3078 832 3143 Tironianis
863 3080 916 3144 bic
951 3105 1080 3170 quoque
1117 3085 1275 3149 admixtis
1298 3087 1472 3173 iuscripta:
1510 3105 1586 3171 pag.

288 3182 407 3246 deindo
438 3204 486 3267 sq.
510 3181 552 3244 ab
582 3183 648 3245 alia
669 3203 768 3246 manu
789 3182 999 3248 continuatur
1018 3185 1219 3253 Priscianus.
1276 3189 1358 3275 ipsis
1381 3191 1452 3252 cius
1475 3186 1587 3252 verbis

288 3284 353 3346 iarn
376 3285 442 3347 iam
468 3283 666 3367 glossemata
694 3282 782 3346 baud
809 3304 914 3369 pauca
927 3285 1060 3360 ‚inserta
1080 3299 1171 3372 sunt,
1198 3311 1282 3376 quac
1301 3312 1322 3352 a
1339 3288 1432 3354 libris
1455 3288 1587 3377 optimis

288 3384 423 3449 absunt:
458 3384 503 3448 ad
524 3382 764 3448 emendandum
787 3394 836 3467 et,
874 3396 910 3450 ut
929 3410 1008 3454 vere
1030 3389 1151 3473 fatear,
1188 3414 1284 3480 saepe
1308 3391 1360 3457 vel
1380 3391 1421 3454 ael
1445 3411 1588 3454 corrum-

289 3485 431 3572 pendum
459 3484 580 3549 librum
602 3485 684 3549 alios
711 3485 804 3550 codd.
826 3487 868 3551 ad
896 3512 1013 3554 manus
1048 3492 1112 3556 sibi
1142 3494 1243 3557 fuisse
1265 3502 1404 3558 testatur
1424 3499 1589 3555 corrector

289 3585 332 3649 ad
350 3584 408 3649 lib.
430 3584 531 3648 XVII
551 3587 640 3668 §723
663 3586 798 3652 alterius
821 3594 1022 3657 recensionis
1043 3617 1118 3658 eum
1137 3618 1201 3659 non
1225 3603 1392 3681 expertem
1412 3593 1514 3656 fuisse
1532 3589 1588 3656 do-

290 3696 341 3750 cet
362 3696 492 3772 praeter
514 3687 579 3751 alia
601 3687 861 3753 additamentum
883 3692 925 3757 ad
944 3693 1003 3758 lib.
1025 3694 1043 3757 Ι
1063 3698 1083 3776 ξ
1107 3701 1136 3758 7.

341 3840 350 3859 .
374 3788 442 3876 Ipsi
462 3790 592 3852 saeculo
615 3788 649 3853 X
677 3791 897 3876 assignandus
925 3794 1005 3858 mibi
1027 3797 1120 3860 visus
1148 3808 1198 3863 est
1227 3800 1261 3884 8)
1284 3801 1366 3865 alter
1384 3799 1491 3863 codex
1510 3798 1587 3861 inst.

289 3914 338 3977 gr.
361 3888 419 3954 lib.
440 3889 613 3973 I—XVI,
641 3891 753 3956 codice
776 3900 805 3957 Ι)
832 3898 929 3982 paulo
957 3899 1086 3983 purior,
1113 3922 1210 3986 quern
1238 3901 1423 3965 aduenam
1449 3899 1503 3966 vel
1533 3898 1589 3963 de·

290 3996 409 4058 cirnurn
433 3993 599 4057 saeculum
621 3992 747 4056 rettulit
767 3996 924 4062 Krehlius
939 4000 973 4080 ⁸⁰,
992 3998 1034 4062 ad
1052 4022 1173 4064 nonum
1192 3981 1430 4089 IIcrtzbcrgius
1444 4006 1477 4064 ⁸¹.
1523 4024 1589 4066 ser·

288 4106 385 4162 vatur
402 4097 437 4158 in
458 4092 659 4159 bibliotheca
684 4101 850 4182 gymnasii
871 4099 1174 4166 Halberstadiensis
1185 4152 1194 4184 ,
1223 4105 1372 4189 signatus
1393 4105 1429 4169 M
1451 4106 1509 4186 59,
1538 4112 1590 4167 est

288 4196 567 4279 membranaceus,
591 4195 715 4262 formae
735 4199 915 4285 quadratae
936 4204 1025 4284 mai„
1049 4201 1202 4269 foliorum
1224 4208 1305 4289 261,
1329 4209 1409 4271 satis
1435 4213 1589 4271 accurate

290 4297 474 4388 descriptus
500 4298 543 4365 ab
564 4296 789 4388 ,Hertzbergio
808 4306 842 4367 ⁸².
888 4305 1046 4370 ecclesiae
1066 4304 1263 4372 cathedralis
1282 4307 1590 4374 Halberstadiensis

360 4507 395 4558 76
416 4524 432 4559 a
452 4512 634 4578 catalogueol
648 4512 690 4562 the
708 4512 825 4563 Harleian
844 4530 906 4569 mss.
929 4517 955 4566 iu
974 4515 1017 4566 the
1034 4515 1129 4568 Britiah
1148 4533 1264 4568 museum
1283 4519 1306 4569 ll
1325 4519 1376 4571 706
1462 4523 1495 4573 77
1521 4529 1592 4572 cata-

291 4593 367 4657 logue
383 4597 487 4658 general
505 4599 551 4649 des
569 4599 758 4664 bibliotlr‘cqucs
779 4601 916 4666 publiques
935 4603 981 4653 des
999 4603 1098 4669 depart.
1118 4606 1126 4653 l
1145 4606 1226 4666 resq.
1298 4605 1332 4656 78
1352 4621 1377 4655 v.
1396 4608 1590 4673 llertabergluru

292 4678 387 4728 Archiv
405 4679 422 4730 l.
439 4680 532 4735 Philol.
552 4703 577 4736 u.
598 4687 694 4751 Pridag.
712 4689 758 4739 Vll
776 4689 827 4739 235
902 4690 936 4739 79
954 4690 1086 4756 catalogus
1104 4691 1178 4740 codd.
1199 4704 1263 4741 mss.
1281 4691 1345 4747 bibl.
1365 4693 1439 4746 Bere.
1458 4694 1536 4746 1583
1548 4711 1588 4759 sq,

360 4766 489 4817 sursise.
509 4786 570 4837 opp.
590 4773 599 4821 l
617 4773 685 4837 μὶ(
781 4773 813 4824 81
835 4772 852 4824 l.
874 4775 899 4822 ln
924 4789 981 4825 ann.
1001 4777 1035 4827 78
1056 4776 1159 4826 laudato
1259 4779 1294 4830 82
1325 4777 1343 4827 l.
1368 4780 1386 4830 l.
1404 4798 1431 4846 p.
1450 4779 1592 4842 232sqq.;

292 4849 374 4913 lpsuru
397 4850 455 4900 cod.
479 4852 656 4919 collationem,
683 4868 807 4921 qnatenus
831 4858 866 4908 ibl
890 4860 997 4926 publici.
1012 4862 1074 4911 lnr'rs
1100 4861 1165 4911 lacta
1189 4873 1239 4921 est,
1268 4864 1448 4930 neglegentius
1478 4867 1591 4917 Instituit
