3322 5484
676 406 684 424 ,
699 337 908 401 PRAEFATIO
1366 360 1450 403 xxrm

142 532 231 587 cata.
275 517 334 584 ubi
353 526 462 581 tamen
483 516 540 581 ille
562 527 618 584 aut
636 529 723 586 tacet
737 531 799 585 ,aut
820 519 884 585 sibi
904 522 976 607 ipse
993 541 1059 583 non
1080 529 1223 604 constat,
1244 520 1287 584 ad
1308 523 1444 609 optima-

142 645 220 688 rum
254 632 286 683 et
312 620 575 684 Priscianear'mn
602 629 634 685 ct
660 620 858 710 reliquarum
885 619 1158 704 membranarum,
1181 644 1265 708 quae
1285 621 1376 686 illius
1394 646 1446 687 ae-

141 725 225 788 tatis
248 744 341 787 usum
364 720 528 786 scribendi
557 733 817 808 repraesentant,
850 721 947 786 fidem
977 744 1029 786 mc
1049 721 1230 809 applicavi,
1263 724 1366 790 veluti
1395 724 1448 790 vel

142 826 248 890 tacite
270 823 445 904 ‘diminuo,
479 823 723 888 diminutivum'
746 827 862 911 scripsi
884 832 1017 913 propter
1038 822 1095 886 lib.
1120 821 1225 886 XIIII
1246 828 1265 905 ξ
1288 829 1345 907 54,
1379 849 1445 890 ιιοιι

145 926 353 990 ‘dimminuo'
375 934 509 1011 propter
534 922 591 988 lib.
615 922 752 1008 15413
779 926 909 1009 abicio,
932 926 1042 989 iniei⁰'
1066 933 1126 988 etc.
1151 925 1224 989 coll.
1246 923 1302 988 lib.
1327 924 1360 988 X
1378 930 1398 1007 ξ
1419 930 1448 1010 3,

142 1051 214 1093 non
235 1025 381 1109 ‘abiicio,
404 1027 528 1092 iniIcio'
552 1023 594 1093 ob
615 1024 671 1091 lib.
696 1026 808 1109 llus
835 1031 888 1109 173
917 1048 1023 1114 neque
1045 1024 1087 1089 ab
1110 1025 1182 1113 ipso
1204 1026 1369 1091 Prisciani
1390 1050 1453 1092 usu

143 1154 199 1198 me
212 1129 398 1210 recessisse,
422 1127 509 1214 quod
523 1150 555 1190 m
569 1138 644 1193 ante
666 1153 688 1217 q
702 1130 888 1216 scripserim
905 1149 970 1192 non
984 1149 1017 1212 n,
1039 1151 1157 1194 censeo
1171 1126 1245 1194 coll.
1259 1126 1316 1191 lib.
1333 1126 1350 1190 Ι
1366 1132 1385 1209 ξ
1400 1130 1450 1211 38,

143 1234 205 1298 ubi
228 1225 327 1296 Plinii
347 1231 431 1296 ratio
454 1229 683 1295 consuetudini
704 1231 836 1297 videtur
858 1231 989 1317 opponi.
1042 1229 1216 1296 nonnullas
1240 1239 1272 1293 ct
1294 1227 1449 1312 vulgares

144 1344 181 1398 et
200 1333 388 1420 frequentes
411 1332 648 1420 discrepantias
670 1330 724 1394 hic
746 1341 920 1395 annotasse
941 1331 1093 1397 sufficiet.
1146 1333 1194 1397 sio
1217 1331 1336 1396 ‘litera'
1359 1327 1452 1393 libris

144 1435 287 1500 alteram
314 1433 480 1498 scribendi
507 1435 667 1499 rationem
692 1432 884 1521 plerumque
900 1433 1130 1498 offerentibus
1163 1432 1238 1497 dedi
1268 1431 1309 1497 ob
1339 1429 1456 1496 verilo-

144 1537 262 1624 quium
282 1532 339 1599 lib.
363 1531 419 1615 I§
443 1537 461 1598 3
485 1534 588 1599 XVII
607 1538 641 1618 2,
665 1533 851 1619 ‘Virgilius'
871 1533 936 1599 illis
958 1533 1194 1599 fluctuantibus
1214 1555 1257 1596 ex
1272 1531 1387 1597 eadem
1404 1553 1453 1596 ra-

142 1637 360 1702 tiocinatione
395 1634 469 1699 coll.
500 1636 557 1700 lib.
589 1636 660 1700 IIII
695 1640 716 1718 ξ
743 1639 800 1717 313
830 1647 899 1700 tum
933 1658 1062 1723 semper
1099 1635 1217 1721 scripsi
1243 1629 1456 1715 ‘Sallustius'‚

145 1736 279 1819 ‘Sulla’,
313 1735 492 1821 ‘Titinius',
521 1738 694 1824 ‘neglego’,
725 1736 915 1825 ‘intellego’,
945 1737 1122 1825 ‘epistula',
1155 1742 1346 1825 ‘quattuor’,
1368 1741 1457 1799 ‘auc-

144 1847 224 1922 tor',
251 1845 393 1927 ‘paene'‚
413 1838 648 1924 paenultima,
668 1863 727 1928 pro
746 1863 810 1926 quo
832 1862 903 1926 voc.
927 1838 1021 1904 codd.
1046 1839 1238 1926 praesertim
1254 1839 1374 1904 Scotiei
1389 1860 1455 1902 non

149 1951 282 2006 tantum
309 1940 525 2027 ‘penultima’,
557 1941 615 2005 sed
641 1944 740 2006 etiam
772 1940 1008 2029 ‘peneultima'
1044 1950 1077 2005 et
1109 1939 1338 2029 ‘peniultimat
1367 1940 1457 2005 exhi-

147 2043 246 2125 bent,
288 2043 391 2108 variis
425 2040 620 2107 lectionibus
647 2042 860 2108 sollemnibus
893 2064 960 2107 non
985 2043 1093 2106 minus
1120 2043 1241 2108 notatis
1275 2064 1373 2128 quam
1402 2041 1457 2106 vel

148 2144 317 2208 constanti
340 2141 467 2230 aliquot
489 2143 666 2226 librorum,
697 2143 846 2229 inprimis
866 2148 937 2226 AD,
966 2166 1061 2232 apro
1085 2166 1123 2208 ae
1145 2166 1209 2209 usu
1230 2142 1285 2209 vel
1303 2141 1399 2208 codd.
1422 2143 1456 2205 in

152 2243 327 2310 vocabulis
354 2243 398 2307 ad
418 2255 521 2310 artem
542 2244 768 2332 spectantibus
798 2246 868 2309 sive
896 2245 1079 2311 rationibus
1102 2247 1173 2311 sive
1199 2243 1366 2311 erroribus
1389 2265 1454 2307 ses-

148 2347 299 2410 centiens
326 2346 491 2430 repetitis,
530 2368 669 2434 quorum
689 2346 887 2435 aliquotiens
910 2369 969 2433 por
990 2347 1121 2413 initium
1151 2346 1310 2434 exemplis
1338 2368 1457 2432 propo·

150 2449 245 2529 sitis,
286 2447 385 2511 tacite
410 2446 529 2511 deinde
556 2449 696 2535 exprimi
724 2447 821 2511 iussi=
865 2446 1126 2535 ‘diphthongus',
1160 2441 1455 2536 '‘patronymicus',

147 2553 334 2634 ‘syncope’,
357 2553 539 2635 ‘apocope’,
562 2550 782 2635 esynaeresis',
799 2549 1024 2636 ‘synaloephe'
1040 2550 1273 2632 clementum,
1292 2548 1457 2636 ‘syllaba’,

147 2647 346 2735 ‘disyllabus
355 2655 377 2731 ',
412 2651 619 2737 ‘trisyllabus
629 2653 647 2733 ’,
679 2652 897 2736 ‘genetivus',
926 2651 1178 2716 ‘derivativus'.
1227 2673 1288 2715 nec
1316 2652 1352 2715 in
1373 2651 1455 2738 ipsis

147 2749 315 2814 Prisciani
328 2750 440 2816 verbis
457 2753 607 2817 codicum
617 2753 653 2817 in
669 2751 968 2839 praepositionibus
984 2775 1044 2838 per
1062 2775 1160 2819 voces
1176 2752 1372 2837 compositas
1386 2753 1457 2816 sive

146 2850 289 2934 integris
311 2852 484 2917 servandis
503 2855 573 2919 sive
596 2853 819 2918 assimIlandis
838 2855 1090 2918 inconstantiam
1106 2875 1167 2916 nee
1185 2852 1389 2917 Scotieorum
1406 2854 1455 2916 in-

148 2951 266 3037 primis
302 2950 461 3018 librorum
487 2952 724 3042 discrepantias
762 2955 797 3018 in
822 2952 992 3020 vocabulis
1026 2952 1151 3041 aliquot
1181 2953 1456 3041 frequentissimis

148 3073 212 3138 per
233 3062 340 3117 totum
366 3076 449 3141 opus
472 3056 651 3120 enotandas
672 3057 767 3139 duxi,
790 3056 893 3122 veluti
913 3054 1065 3120 ‘dissino'
1087 3055 1135 3119 ibi
1154 3041 1321 3121 invenitur
1343 3064 1376 3119 et
1398 3054 1457 3119 ‘di-

151 3154 253 3236 sino',
274 3157 537 3240 ‘accussativus',
565 3160 697 3241 ‘u'ssus',
734 3159 898 3224 ‘divissio'
927 3168 1006 3243 etc,
1038 3157 1264 3246 ‘possesivus',
1282 3157 1456 3243 ‘pasivnm'

151 3264 227 3334 cte„
243 3259 387 3339 ‘mutta',
405 3264 566 3341 ‘motare',
582 3260 769 3346 ‘sopinum’,
793 3266 987 3325 ‘commone'
1002 3269 1074 3342 etc,
1091 3258 1278 3341 ‘bocolico’,
1299 3258 1456 3343 ‘longua',

150 3355 302 3439 ‘inngno’
327 3365 406 3441 eto,
435 3357 630 3442 ‘verbialia’,
665 3361 907 3448 participalia,
938 3361 1121 3448 ‘semplcx'.
1167 3369 1204 3423 at
1238 3360 1292 3425 vel
1324 3361 1375 3424 his
1410 3362 1458 3425 ita

150 3456 340 3542 profligatis
366 3480 497 3541 vereor,
526 3483 567 3523 ne
586 3461 683 3526 nimis
706 3463 804 3526 anxie
828 3484 880 3527 res
901 3462 1039 3551 pusillas
1059 3462 1224 3526 constanti
1248 3461 1457 3527 accuratione

152 3568 347 3644 prosecutus
370 3559 443 3623 sim.
489 3559 547 3624 sed
569 3561 652 3626 malo
673 3562 845 3648 diligentia
867 3586 1003 3652 peccare
1024 3585 1122 3651 quam
1146 3564 1308 3630 socordia.

239 3694 309 3759 Ser.
328 3692 477 3759 Berolini
498 3694 529 3760 d.
549 3694 603 3761 ΙΙΙ
624 3720 668 3762 ιιι.
690 3697 771 3762 Maii
792 3722 821 3763 a.
843 3699 1062 3767 MDCOCLV

198 4913 406 4957 assumor
428 4915 540 4959 aarum
563 4918 597 4958 11.
