3322 5484
212 357 251 401 ιιι
752 335 958 397 PRAEFATIO

213 521 355 587 matibus
383 528 482 606 atque
508 519 665 585 anecdoto
694 518 735 582 de
766 521 852 584 notis
880 519 1030 605 inprimis
1057 517 1165 584 clarus
1181 520 1215 582 ⁴⁸.
1270 519 1392 604 legitur
1413 520 1460 584 ibi
1488 542 1507 583 a

212 645 288 712 pag.
311 625 351 687 84
374 632 457 687 extr.
478 659 522 669 -
541 643 617 708 pag.
640 623 681 684 99
703 620 788 685 med.
810 621 895 685 liber
916 624 1033 686 tertius
1056 644 1095 686 ac
1113 621 1231 686 deinde
1255 619 1417 708 particula
1431 619 1507 684 libri

214 725 249 789 II
269 726 310 812 (ξ
333 724 470 787 22-26
492 724 604 810 init),
628 722 684 787 101.
710 721 918 786 1120-101.
944 722 1170 788 1170910100
1192 730 1347 809 excerpta
1365 742 1407 784 ex
1422 719 1506 785 Cha-

212 827 292 891 risio
317 835 411 889 etex
425 824 585 888 Diomede
609 824 801 911 deprompta
818 845 894 910 pars
916 823 993 889 libri
1008 824 1127 888 XVIII
1150 826 1185 911 (ξ
1208 823 1393 909 55-126).
1427 823 1507 886 haec

210 920 439 1007 ἆποσπασμάτια
463 936 642 1012 sequuntur
665 935 792 991 textum
814 948 835 990 a
855 925 966 991 codice
988 931 1017 989 R
1039 926 1225 1013 etreliquis
1247 925 1393 992 eiusdem
1414 923 1508 987 sami-

212 1029 277 1093 liae
299 1026 393 1093 libris
414 1025 503 1091 baud
520 1025 616 1111 longe
632 1027 839 1091 recedentem
854 1036 973 1113 atque,
996 1050 1193 1116 quamquam
1213 1027 1391 1113 singularia
1411 1046 1507 1111 quae-

213 1130 288 1194 dam
310 1129 470 1209 continet,
500 1149 542 1190 ex
563 1128 678 1192 eodem
699 1136 787 1192 certe
805 1129 967 1192 communi
997 1131 1157 1214 omniurn,
1187 1137 1345 1218 quotquot
1365 1127 1506 1213 inspexi,

212 1231 370 1296 librorum
389 1228 496 1311 fonte,
519 1227 698 1315 exemplari
720 1251 740 1293 a
761 1228 879 1294 Flavio
901 1228 1073 1296 Theodoro
1092 1234 1257 1315 confecto,
1281 1227 1506 1308 derivandum,

211 1334 259 1396 ita
280 1340 399 1410 tamen,
422 1339 459 1393 ut
480 1329 585 1394 codex
604 1352 716 1396 eorum
739 1332 937 1418 archetypus
957 1331 1077 1417 glossis
1099 1343 1132 1398 et
1149 1334 1382 1399 additamentis
1400 1332 1508 1395 minus

212 1434 401 1520 inquinatus
428 1430 531 1495 fuiss'e
553 1431 715 1496 videatur.
771 1454 847 1495 nam
875 1455 973 1519 saepe
1002 1435 1134 1521 quidem
1154 1436 1202 1517 is,
1240 1437 1296 1521 qui
1324 1436 1510 1520 fragmenta

212 1537 277 1599 ista
296 1532 475 1619 compegit,
506 1555 579 1597 cum
601 1534 705 1620 ipsius
729 1533 891 1598 Prisciani
918 1534 1021 1601 verba
1048 1544 1116 1599 tum
1139 1534 1228 1601 locos
1251 1537 1445 1623 scriptorum
1466 1533 1508 1597 ab

212 1659 251 1702 eo
269 1635 387 1702 allatos
404 1632 458 1699 vel
477 1634 587 1699 omisit
608 1633 662 1698 vel
690 1637 725 1698 in
746 1634 882 1700 brevius
904 1638 1084 1718 contraxit,
1115 1646 1151 1701 ut
1174 1659 1271 1725 saepe
1289 1658 1410 1722 anceps
1432 1634 1508 1698 bae-

212 1745 285 1801 reat
311 1734 484 1814 iudieium,
511 1742 619 1797 utrum
649 1735 781 1820 singula
803 1737 844 1800 ob
870 1739 978 1823 ipsum
1001 1736 1062 1801 hoc
1082 1737 1255 1802 brevitatis
1279 1738 1423 1802 studium
1444 1735 1508 1799 eie·

213 1840 293 1901 00011
315 1833 447 1899 sedulus
475 1832 531 1897 ille
557 1837 716 1919 magister
736 1859 779 1901 an
801 1838 836 1901 in
857 1837 970 1902 001100
995 1860 1053 1903 suo
1082 1861 1147 1903 non
1169 1840 1347 1905 invenerit:
1383 1836 1507 1922 aliquo·

212 1937 298 2001 tiens
326 1941 435 1997 tamen
462 1933 543 1997 mihi
565 1937 658 1999 visus
681 1959 752 2001 sum
779 1937 841 2003 boe
861 1937 1000 2002 alterum
1023 1941 1194 2003 satistuto
1215 1962 1312 2026 posse
1333 1939 1508 2019 affimrare,

212 2037 317 2104 veluti
345 2058 377 2121 p.
400 2039 457 2116 57,
480 2038 515 2118 9;
542 2037 598 2119 83,
619 2039 675 2122 223
706 2041 762 2123 85,
788 2045 820 2123 13
850 2042 905 2116 86,
930 2042 986 2123 243
1009 2043 1064 2122 90,
1086 2043 1116 2104 4.
1172 2039 1226 2105 vel
1248 2041 1508 2105 additamentum

212 2139 392 2227 genuinum
413 2138 560 2201 servavit
580 2136 633 2202 bic
648 2138 733 2205 liber
757 2165 788 2228 p.
813 2147 871 2225 57,
901 2143 956 2223 233
986 2149 1108 2208 certam
1134 2149 1267 2207 econtra
1288 2139 1508 2226 interpolatio·

212 2242 265 2306 uis
288 2239 430 2326 speciem
452 2246 485 2301 et
507 2238 577 2324 ipse
596 2240 732 2325 praebet
759 2265 791 2329 p.
815 2245 874 2325 87,
900 2245 938 2305 12
962 2266 1009 2330 sq.
1028 2252 1061 2308 et
1081 2267 1113 2330 p.
1135 2247 1191 2325 94,
1218 2247 1250 2325 1,
1280 2264 1343 2328 quo
1364 2240 1435 2304 loco
1457 2260 1508 2309 ea-

213 2343 287 2408 dem
308 2362 412 2428 eaque
430 2339 652 2405 emendatiora
672 2342 785 2408 addita
807 2354 884 2409 sunt
904 2346 938 2409 in
957 2346 992 2432 3)
1016 2345 1160 2410 001100
1181 2342 1484 2427 Bambergensi.

235 2527 242 2535 ἱ
298 2443 406 2508 Huius
429 2440 551 2506 codicis
573 2443 632 2525 (Β)
648 2440 840 2509 ‚lectionum
869 2447 1035 2533 specimen
1055 2445 1102 2511 'ab
1124 2447 1270 2513 Antonio
1290 2446 1506 2530 Linsmayero

215 2544 392 2630 diligenter
410 2542 596 2608 confectum
619 2553 695 2608 ante
716 2545 842 2634 aliquot
863 2569 966 2613 annos
988 2569 1116 2612 mecum
1138 2548 1392 2613 communicavit
1410 2545 1509 2610 Caro-

213 2647 265 2712 lus
283 2645 451 2729 Halmium
474 2656 578 2712 toturn
599 2669 678 2712 vero
697 2645 815 2712 librum
837 2657 874 2712 ut
895 2651 966 2737 ipse
989 2650 1140 2715 conferre
1162 2651 1342 2737 potuerim,
1372 2648 1508 2712 111100-

213 2748 311 2830 meri,
348 2746 412 2809 viri
432 2748 719 2832 excellentissimi,
752 2750 895 2814 ministri
922 2751 1022 2835 regii,
1055 2753 1200 2816 comitati
1229 2751 1353 2833 dobeo,
1389 2757 1512 2835 quaet

213 2849 300 2915 hunc
321 2858 354 2913 et
373 2847 604 2916 Monacensem
626 2861 750 2916 aestate
771 2854 922 2936 proxima
943 2850 986 2915 ad
1007 2873 1059 2914 me
1078 2853 1346 2917 transmittendos
1369 2850 1507 2913 curavit.

180 2952 189 2967 '
214 2951 320 3016 codex
348 2973 426 3017 vero
451 2950 504 3016 hic
527 2950 782 3035 Bambergensis
807 2954 894 3017 inter
913 2952 1016 3017 libros
1045 2974 1065 3015 a
1088 2974 1141 3016 me
1167 2951 1302 3016 collatos
1325 2950 1509 3037 proximum

214 3063 288 3140 post
315 3057 345 3116 B
362 3051 469 3117 locum
485 3053 627 3135 obtinet,
656 3062 692 3115 ut
711 3050 907 3136 aliquotiens
932 3049 986 3114 vel
1009 3051 1097 3115 solus
1119 3054 1295 3137 genuinam
1315 3052 1508 3136 scripturam

124 3153 159 3191 ·“
215 3153 365 3218 servarit.
411 3163 462 3217 est
482 3151 702 3218 bibliothecae
721 3149 828 3236 publ,
853 3149 929 3214 olIm
952 3149 1034 3214 bibl.
1057 3150 1136 3215 eccl.
1165 3151 1379 3232 cathedralis,
1411 3150 1508 3214 Bam-

214 3254 317 3339 berg,
340 3254 489 3338 signatus
512 3258 553 3314 M.
574 3250 623 3314 IV
646 3252 701 3332 12,
721 3249 1001 3332 membranaceus,
1023 3250 1147 3315 formae
1165 3253 1337 3334 maximae,
1356 3251 1508 3316 foliorum

218 3357 288 3440 187,
311 3351 441 3419 saeculo
462 3375 547 3417 nono
565 3352 769 3437 conscriptus
782 3355 815 3414 ³⁰.
849 3351 905 3416 101.
929 3354 1088 3416 1-1821·
1104 3354 1271 3417 continent
1285 3353 1449 3417 Prisciani
1461 3353 1508 3415 in-

215 3459 281 3522 stit.
313 3477 448 3540 gramm.
479 3454 536 3518 lib.
560 3451 731 3534 I—-XVI,
754 3460 791 3516 ut
815 3462 924 3516 tamon
945 3475 1011 3519 uno
1034 3454 1248 3539 quaternione
1269 3453 1440 3518 deficiente
1462 3454 1509 3517 in-

214 3558 315 3643 cipiat
337 3554 467 3619 demum
490 3578 510 3618 a
531 3554 641 3619 verbis
663 3562 713 3617 ‘ao
732 3554 956 3640 corripientes'
977 3552 1034 3616 lib.
1057 3555 1074 3619 I
1098 3558 1117 3634 ξ
1140 3556 1199 3635 363
1219 3554 1260 3618 10
1279 3554 1353 3619 aliis
1375 3556 1509 3640 quibus-

213 3658 289 3722 dam
310 3657 437 3721 lacunis
457 3658 500 3721 cf.
524 3655 752 3719 adnotationes
775 3653 817 3717 ad
839 3653 895 3718 lib.
917 3653 1046 3735 11838
1068 3654 1141 3718 IIII
1162 3657 1181 3716 2
1205 3654 1252 3718 VI
1277 3657 1316 3718 27
1339 3666 1422 3721 extr.
1443 3657 1509 3721 VII

213 3761 264 3823 43.
293 3758 348 3823 101.
374 3759 445 3823 230
471 3780 512 3821 m.
537 3778 620 3822 saec.
655 3765 692 3820 ut
719 3755 850 3820 videtur
876 3754 927 3818 XI
955 3755 997 3819 ad
1024 3757 1206 3841 marginem
1235 3758 1412 3844 ascriptum
1441 3769 1507 3822 est:

214 3859 432 3924 ε1010010108.
456 3859 559 3944 Vogo.
583 3857 696 3922 Hicco.
718 3854 902 3939 Rudgerus.
926 3856 953 3919 a
972 3857 1069 3922 luizo.
1097 3857 1237 3944 Adelg.'
1260 3868 1408 3924 extrema
1429 3859 1509 3925 folia

212 3961 373 4048 praebent
397 3969 571 4026 tractatum
592 3959 756 4046 quendam
784 3956 824 4020 10
847 3956 1083 4042 schematibus,
1115 3960 1175 4024 10.
1185 3961 1304 4049 tropis,
1338 3960 1378 4024 10
1407 3970 1507 4024 mota·

212 4060 337 4149 plasmo
355 4060 596 4149 imperfectum:
617 4058 747 4144 singula
765 4057 812 4121 ibi
831 4059 1009 4123 secundum
1026 4060 1193 4128 Donatauu
1213 4065 1363 4150 exposita
1385 4064 1507 4148 inveni,

212 4163 334 4228 additis
352 4162 512 4251 exemplis
533 4183 576 4226 ex
597 4181 691 4225 sacra
713 4161 875 4246 scriptura
892 4161 1014 4245 petitis.

296 4264 488 4329 Priscianus
509 4285 587 4328 vero
610 4261 795 4326 ‘Romanae
817 4257 928 4324 lumen
949 4260 1152 4349 facundiae',
1185 4268 1506 4352 1000000101]οωί-

212 4385 289 4428 num
307 4374 510 4454 praeceptor'
523 4366 556 4448 ⁵¹,
573 4363 723 4429 ‘Latinae
735 4363 937 4450 eloquentiae
950 4362 1062 4429 decus’
1077 4370 1110 4449 ⁵²,
1131 4368 1251 4432 totiens
1264 4391 1323 4454 per
1335 4389 1430 4434 omne
1442 4392 1507 4434 mc·

280 4569 316 4621 48
335 4571 366 4622 10
384 4577 454 4624 vario
473 4576 528 4625 eius
547 4581 696 4640 argumento
715 4570 748 4622 01.
769 4572 799 4622 II.
812 4572 922 4622 Kailium
942 4573 968 4621 in
985 4573 1074 4624 anecd.
1092 4573 1171 4623 Paris.
1190 4573 1256 4622 rhet.
1278 4575 1318 4625 ed.
1332 4576 1374 4626 Fr.
1394 4578 1424 4626 A.
1445 4578 1509 4627 Erk-

210 4655 319 4704 stsinius
338 4672 365 4721 p.
388 4660 421 4708 111
439 4676 495 4724 sqq.
585 4661 620 4712 19
639 4677 685 4727 par
701 4659 1156 4726 0110000001101000000000ςί00,
1177 4675 1223 4725 per
1233 4660 1338 4711 alteram
1349 4662 1507 4712 lolianume-

212 4739 247 4789 ris
266 4741 365 4806 signata
381 4751 440 4793 sunt
490 4747 525 4796 50
543 4747 576 4796 01.
590 4748 684 4797 laeckii
704 4745 787 4795 vollst.
801 4745 993 4813 Bcscbreibung
1003 4748 1049 4798 der
1063 4745 1159 4796 offano.
1172 4747 1318 4799 Bibliotbelr
1334 4764 1364 4797 zu
1380 4749 1506 4814 Bamberg

210 4825 317 4892 Ip⁰.LIl
327 4834 350 4875 et
359 4843 387 4893 p.
399 4827 449 4879 130
459 4844 484 4882 u.
497 4830 564 4882 1033
617 4833 649 4883 51
663 4831 831 4897 Eutychiusl.
844 4845 903 4884 ann.
916 4831 976 4883 281.
1030 4834 1064 4885 52
1078 4832 1200 4882 Alcuinus
1213 4841 1347 4899 grammat.
1359 4850 1384 4899 p.
1397 4833 1466 4885 2106
1476 4835 1505 4884 P.
