3322 5484
630 401 777 494 eluunt
800 411 921 464 ta—al

174 529 196 567 p.
211 514 343 556 54114111).
579 556 583 561 .
1219 518 1372 571 pausis.

208 588 230 645 V
259 605 334 646 vero·
359 585 423 646 loco
452 586 642 646 coiisonantis
670 587 764 664 posita
789 588 911 647 eandem
933 606 1055 666 prorsus
1084 588 1114 645 in
1135 589 1271 650 omuibus
1295 591 1350 650 vim
1373 593 1424 652 ha-

122 691 187 752 buit
213 688 292 768 apud
324 688 460 759 Latinos,
495 706 582 765 quam
601 688 677 765 apud
700 688 797 748 Aeolis
820 690 973 768 digamma.
1020 689 1098 748 unde
1118 709 1133 748 a
1156 688 1303 768 plerisque
1324 694 1350 752 ei
1373 714 1426 753 no·

125 795 202 875 luten
229 791 288 850 hoc
316 789 416 863 datus,
446 789 524 867 quod
544 788 622 866 apud
645 787 742 848 Aeolis
766 790 867 851 habuit
890 790 958 850 olim
979 796 1000 854 f
1021 792 1181 868 digamma,
1201 793 1229 852 id
1260 803 1305 853 est
1334 797 1424 855 ‘vau'

121 895 160 954 ab
188 894 285 973 ipsius
314 911 384 951 voce
412 892 575 969 prolmtum
613 899 687 950 teste
715 891 877 951 Vascone
904 901 933 952 et
961 893 1126 971 didymo,
1151 893 1247 969 quiid
1271 895 1297 953 ei
1318 914 1424 956 nomen

93 1015 190 1057 sessa
220 993 391 1054 ostendunt,
436 1011 489 1071 pm
511 1010 570 1068 quo
599 994 738 1053 Caesar
766 993 841 1053 lianc
868 1012 890 1071 kq
917 994 1037 1071 liguram
1066 993 1153 1054 scuilni
1176 994 1280 1066 voluit,
1309 999 1389 1084 quod
1412 998 1424 1081 Η

121 1099 258 1175 quamvis
286 1094 327 1155 illi
357 1103 435 1154 reete
457 1095 550 1154 uisum
578 1103 639 1167 est,
672 1103 767 1153 mnien
797 1095 978 1155 consuetudo
1005 1097 1123 1173 antiqua
1153 1099 1308 1174 superavit.
1352 1101 1425 1160 adeo

122 1209 221 1259 autem
246 1197 303 1257 hoc
322 1215 422 1256 senam
444 1204 504 1269 est,
525 1196 603 1272 quod
629 1215 683 1274 pro
701 1195 816 1256 aeolico
838 1196 982 1274 digamma
1008 1201 1069 1259 tn
1092 1198 1226 1276 ponitur:
1251 1201 1328 1277 quod
1350 1202 1426 1261 sieut

123 1301 165 1361 illi
188 1299 326 1361 solebant
346 1297 480 1377 accipere
498 1297 643 1374 digamma
668 1297 755 1357 modo
777 1317 831 1376 pro
852 1308 1033 1359 consonante
1062 1300 1189 1379 simplici
1219 1310 1294 1362 teste
1317 1307 1426 1381 Asty·

125 1422 208 1481 age,
231 1401 281 1479 qui
307 1399 429 1459 divensis
452 1401 508 1459 lmc
536 1398 665 1459 ostendit
684 1398 802 1473 usibus,
826 1403 858 1458 dt
880 1401 909 1460 in
929 1400 985 1460 hoe
1008 1421 1108 1461 versu:

86 1519 114 1560 so
336 1493 540 1578 Ὀψόμενος
565 1497 728 1564 felinae
758 1495 985 1577 ἑλικώπιδα,

119 1609 165 1669 sic
187 1625 244 1667 nos
267 1621 387 1682 quoque
415 1622 468 1682 pro
498 1602 622 1682 simplici
645 1600 789 1662 habemus
816 1603 988 1682 plenumque
1015 1612 1197 1665 consonante
1219 1625 1238 1666 u
1260 1605 1325 1666 loeo
1344 1611 1365 1668 t
1382 1605 1427 1665 di·

119 1727 237 1788 gamma
262 1704 409 1785 positum,
433 1712 480 1765 ut:

334 1808 376 1866 At
397 1806 517 1865 Venus
539 1802 634 1863 haud
657 1804 780 1864 animo
802 1806 1028 1884 nequiquam
1049 1809 1234 1869 exterrita
1257 1818 1381 1869 maten

121 1920 290 1972 esttamen
320 1906 437 1986 quaudo
466 1907 542 1966 idem
565 1904 662 1978 Aeolis
688 1905 875 1968 inveniuntur
897 1929 950 1988 pso
972 1908 1081 1986 duplici
1103 1928 1220 1988 quoque
1242 1920 1424 1971 consonante
1442 1920 1474 1969 ‘21

78 2034 104 2075 ιι
119 2017 269 2093 digamma
291 2009 443 2090 posuisse,
463 2016 511 2068 ut:

336 2106 508 2187 Νέστορα
531 2105 568 2168 (li
588 2109 642 2172 td
664 2102 813 2182 παιδός.
896 2142 917 2181 .

121 2238 179 2279 nos
203 2231 324 2296 quoque
353 2211 484 2271 n'demur
508 2210 565 2270 lioe
594 2211 677 2289 sequi
704 2211 733 2271 in
752 2212 909 2291 praeterito
934 2213 1065 2291 perlecto
1084 2223 1113 2273 et
1139 2214 1426 2295 plusquamperfecto

125 2369 310 2438 potestatibus.
328 2381 346 2414 ιι
364 2370 441 2418 inser.
457 2366 482 2414 A
501 2365 533 2414 de
549 2382 574 2417 u.
591 2365 616 2413 D
677 2366 688 2415 l
708 2363 803 2430 posito]
819 2380 837 2429 p
857 2367 955 2430 possita
974 2367 995 2416 G
1060 2383 1152 2432 prosus
1170 2367 1194 2416 L
1210 2384 1317 2434 pnirsns
1333 2369 1360 2417 K

125 2437 261 2503 meotis]
287 2436 318 2486 H
339 2437 451 2487 Darmst.
474 2451 491 2484 a
508 2450 539 2486 st.
560 2449 604 2498 pr.
630 2434 717 2485 aeoles
735 2435 812 2484 111111
830 2437 900 2485 eules
918 2435 992 2486 AGL
1063 2436 1151 2486 habuit
1168 2437 1296 2504 digamma
1315 2438 1358 2487 Hr

122 2506 257 2574 lineolis]
274 2507 318 2556 Ην
335 2506 423 2556 aeoles
441 2507 480 2555 sel
496 2506 566 2555 eolcs
580 2505 604 2554 li
622 2506 679 2556 rell.
734 2504 823 2553 habuit
835 2520 880 2554 om.
894 2506 919 2553 A
935 2507 1006 2555 abiait
1024 2505 1048 2555 li
1090 2504 1195 2572 oliuin
1213 2509 1283 2556 ollim
1302 2509 1324 2558 G
1368 2511 1391 2561 f
1402 2511 1425 2558 in

122 2583 201 2629 litura
220 2579 262 2636 H,
288 2577 340 2630 del.
359 2593 375 2625 r
443 2572 606 2639 AVarrone]
631 2574 664 2636 cs.
684 2574 786 2624 Cernat.
805 2588 847 2636 ap.
873 2573 988 2624 Cassiod.
1009 2575 1040 2623 de
1062 2575 1172 2640 ertiopr.
1194 2593 1222 2639 p.
1246 2580 1315 2628 2282
1339 2579 1371 2630 P.
1386 2579 1424 2640 fr.

126 2652 210 2700 Vm.
228 2650 278 2696 inc.
301 2660 329 2707 ρ.
341 2645 393 2697 342
416 2645 457 2694 ed.
477 2644 551 2708 Hip,
570 2644 612 2693 udi
627 2643 667 2693 die
684 2647 700 2693 l.
720 2652 759 2693 est
776 2643 908 2692 addendus
963 2644 1082 2708 Didpmol
1100 2662 1118 2709 p
1136 2646 1233 2696 didimo
1252 2647 1303 2696 Illi
1321 2647 1425 2710 dydimo

122 2717 225 2768 Anah
296 2711 420 2779 Didymo]
436 2712 607 2771 Chalcenterus,
626 2721 653 2762 ut
668 2715 714 2762 clii
730 2720 839 2767 censent.
857 2712 964 2762 Claudio
981 2715 1088 2772 iuniore,
1107 2723 1135 2763 ot
1152 2717 1199 2764 atii
1214 2724 1318 2764 auctore
1336 2715 1425 2769 Suidc.

122 2794 149 2839 ιη
167 2802 248 2851 opere
265 2781 333 2846 aspi
349 2781 401 2849 τῆς
415 2774 493 2847 παρὰ
506 2773 652 2848 Ῥωμαίων
670 2775 822 2846 ἀναλογίας
839 2797 860 2830 s.
878 2783 910 2832 de
927 2783 1066 2832 Latinitate
1084 2785 1119 2846 cs.
1135 2783 1174 2836 M.
1191 2784 1347 2834 Sedasidtimn
1363 2785 1424 2836 Did.

124 2859 212 2909 tuate.
227 2856 269 2918 [ν.
284 2868 314 2917 p.
333 2853 384 2906 345
402 2870 451 2918 ep„
469 2855 513 2918 qut
528 2851 552 2901 1.
569 2855 586 2901 l.
601 2854 687 2916 posatit
704 2852 764 2903 ibid.
781 2852 818 2915 fr.
841 2851 892 2913 lp.
908 2851 1006 2916 dliisq.
1064 2852 1089 2900 id
1108 2854 1169 2902 add.
1190 2854 1209 2902 d
1260 2869 1317 2903 esse
1336 2867 1427 2903 nomen

126 2926 211 2977 eiGL
264 2924 367 2988 besse]
390 2925 474 2972 duan
492 2937 549 2971 esse
568 2924 592 2971 D
649 2922 757 2988 liguarum
774 2936 792 2984 p
812 2918 866 2969 ΑΗ
882 2922 912 2983 (p
932 2924 956 2971 in
975 2925 1052 2970 litura
1069 2923 1095 2970 iu
1111 2922 1152 2984 H)
1171 2923 1323 2986 scripturam
1342 2937 1360 2984 A
1380 2921 1427 2971 (1'L

195 2995 310 3045 scribere
327 2994 352 3043 D
421 2991 608 3042 ileonsuetudo
628 2991 740 3054 antiqua]
760 3008 776 3040 a
799 2991 901 3053 acutique
916 2991 1072 3040 consuetudo
1090 2991 1144 3039 ΑΚ
1218 2994 1232 3041 l
1259 2992 1304 3057 dig
1322 2992 1361 3056 (in
1376 2993 1428 3054 fine

123 3080 185 3130 pap.
203 3064 336 3116 adesim
353 3077 437 3111 amma
455 3063 477 3113 f
492 3059 582 3125 periit)
596 3063 620 3111 a
637 3063 660 3113 f
678 3062 807 3126 digamma
825 3060 873 3109 GL
941 3061 1005 3111 fin
1022 3061 1101 3109 lituro
1119 3065 1144 3112 in
1161 3061 1192 3109 l!
1258 3076 1272 3107 n
1291 3075 1336 3111 ont.
1355 3061 1385 3110 ΙΙ

128 3136 233 3202 ponitur
255 3148 273 3181 n
299 3131 347 3183 ds
423 3128 502 3196 quod]
524 3132 544 3179 d
569 3131 677 3195 quodf
700 3132 725 3179 u
794 3131 859 3179 sicut
882 3143 981 3193 mmscr.
1000 3132 1026 3178 in
1045 3129 1070 3177 A
1139 3130 1251 3181 ilmodo
1267 3146 1313 3184 om.
1332 3131 1362 3180 H

126 3201 506 3332 *1111111111
529 3198 951 3335 matussalae
976 3198 1428 3322 latuatemactati

128 3343 204 3392 (ΠΙ,
283 3340 316 3391 10
334 3353 470 3390 osouasoc
494 3310 543 3389 ita
573 3347 712 3403 οφοιιιιοο
730 3355 746 3387 r
774 3284 973 3401 equissimocti
1002 3347 1149 3402 oqonnuwc
1167 3341 1191 3387 D
1218 3332 1350 3405 οἰόμενος
1368 3339 1429 3388 Pat-

127 3463 211 3513 scitu
283 3409 576 3521 &annominemus
596 3475 753 3511 autumnans
769 3475 851 3522 spscr.
872 3460 1001 3525 aspicieus
1019 3461 1046 3508 ·i·
1072 3462 1164 3525 partim
1181 3460 1289 3510 helenan
1307 3460 1428 3510 circundo

128 3546 238 3599 pueram
254 3532 282 3579 ia
299 3532 378 3579 litura
394 3531 498 3592 ipsine
514 3536 607 3581 tanam
623 3537 782 3596 etquattuor
800 3531 919 3580 extrema
934 3531 1015 3579 literis
1030 3533 1132 3593 praeeo
1145 3531 1268 3595 prosectis
1285 3529 1317 3580 ab
1337 3530 1360 3577 L

128 3671 239 3723 fassas
257 3670 281 3720 R
299 3672 422 3731 §nassau
440 3683 455 3716 r
472 3677 596 3733 quassas
615 3668 670 3718 AH
719 3671 840 3729 fasanus
864 3682 1033 3718 nnnxmnnan
1052 3669 1077 3716 Ι)
1101 3668 1202 3721 fsnsu.
1229 3685 1335 3720 sunium
1358 3669 1430 3718 uada

129 3744 152 3792 G
211 3753 372 3819 samana
395 3755 411 3786 r
438 3753 588 3789 ssiswmnn
613 3738 638 3787 A
666 3753 841 3788 sniswsnnnn
866 3739 895 3787 H
926 3753 1102 3788 multituda
1127 3740 1153 3789 K
1205 3740 1431 3790 Atcnmnisversas

129 3826 188 3862 me
203 3809 313 3870 videtur,
331 3809 367 3868 es.
383 3807 534 3860 Atreum
551 3808 583 3858 de
600 3809 662 3859 dial.
681 3809 755 3858 Aeol.
772 3823 799 3871 p.
826 3807 850 3858 8.
870 3807 915 3860 313
952 3807 1089 3873 Berplcimn
1102 3817 1172 3871 poet.
1191 3811 1240 3874 lpr.
1258 3825 1300 3873 pr.
1319 3808 1360 3860 eil.
1381 3809 1428 3858 alt.

126 3882 222 3945 [rm
249 3879 341 3942 adap-
370 3876 403 3929 31
426 3893 454 3940 p.
480 3875 548 3930 1049
620 3879 649 3928 ll
681 3886 835 3928 consonante
863 3877 974 3943 simplici
996 3878 1121 3929 lisbemus
1144 3879 1294 3956 plerumque
1317 3877 1343 3925 K
1371 3890 1430 3924 con-

1186 3957 1192 3984 l

131 4007 241 4050 comte
261 3997 412 4064 plemmque
431 3998 543 4064 simplici
560 3997 684 4048 habemus
703 3998 758 4048 LII
770 3999 920 4064 plerumque
938 4015 984 4064 pro
1000 4007 1154 4050 consonante
1172 3998 1289 4065 sempliei
1307 3996 1430 4045 habemus

131 4071 156 4121 d
211 4068 355 4134 plerunque
375 4067 567 4135 L'plerumque
582 4070 649 4130 rell„
668 4084 724 4132 sup.
742 4072 787 4119 tin.
805 4069 866 4120 add.
881 4069 949 4119 iuli
1002 4068 1076 4131 loquo
1094 4086 1128 4119 ece
1148 4069 1203 4118 loco
1219 4069 1314 4130 faama
1330 4067 1356 4114 in
1374 4064 1397 4113 ll

130 4132 519 4199 feroe.'a·1t,attara11
586 4140 618 4189 12
637 4139 747 4203 positum
765 4154 810 4189 om.
833 4140 856 4187 L
909 4136 1070 4205 utJrsnR
1139 4132 1430 4201 temnentia

130 4207 185 4259 370
240 4216 267 4258 st
284 4223 321 4256 em
337 4207 518 4258 admisu
570 4211 603 4257 sd
620 4209 708 4258 Venus
728 4216 770 4258 aut
787 4208 861 4274 (liant
878 4208 948 4258 Boni.
968 4205 1071 4271 m.alt.)
1090 4207 1148 4256 Pal.
1162 4208 1231 4257 Rom.
1286 4200 1432 4260 liamGLK

189 4278 219 4328 14
237 4277 317 4327 iidem
336 4276 360 4325 L
429 4274 521 4341 aeolis]
545 4293 560 4324 r
577 4277 641 4327 eolis
664 4277 695 4326 H
712 4279 797 4328 aeoles
815 4280 854 4327 oet
871 4277 940 4325 ecles
955 4275 982 4324 di
1000 4278 1058 4330 rell.
1131 4274 1302 4336 inveniuntur]
1322 4289 1338 4320 r
1355 4273 1377 4323 f
1394 4272 1431 4320 in-

132 4347 270 4397 sepiuntur
289 4346 314 4396 a
384 4362 485 4410 quoque
500 4346 590 4398 once
661 4348 693 4397 la
712 4347 733 4400 f
750 4355 808 4397 ante
824 4347 955 4410 digamma
970 4347 994 4394 in
1012 4346 1092 4395 litura
1110 4347 1152 4404 H,
1171 4345 1231 4394 add.
1250 4360 1266 4391 r
1334 4342 1433 4407 digam-

132 4431 176 4466 ma
193 4416 257 4466 add.
277 4414 296 4464 k
364 4414 499 4481 possuisse
516 4414 538 4465 G
608 4413 641 4466 16
659 4431 814 4467 uscsormaa
834 4415 865 4481 (a
883 4416 908 4463 in
926 4416 1003 4463 litura
1019 4413 1046 4531 p)
1069 4431 1103 4464 ss
1121 4416 1185 4467 osui
1205 4425 1310 4462 nnnaoc
1327 4411 1351 4461 li
1368 4410 1435 4461 unde

805 4483 826 4536 f
1051 4499 1163 4535 uscsoea
1291 4496 1304 4530 s
1331 4496 1348 4529 n

135 4567 281 4604 usnemu
300 4556 355 4616 fios
372 4567 477 4606 nusaoc
496 4555 582 4618 effecit
603 4571 619 4604 r
643 4570 769 4608 unceiscs
794 4562 953 4619 qwmnsnoc
974 4551 999 4600 A
1034 4551 1137 4604 hectora
1160 4552 1261 4605 aaut!
1277 4549 1434 4621 nnuswell

569 4626 589 4685 i

131 4695 228 4755 nuh
245 4675 316 4743 cori.
334 4707 353 4741 a
373 4691 392 4740 d
415 4691 551 4743 hmanas
576 4708 711 4745 numanus
740 4697 769 4762 (s
793 4687 895 4754 latit.)
922 4692 953 4741 H
973 4705 1069 4740 norom
1093 4692 1126 4740 ds
1147 4691 1193 4744 feu
1219 4691 1320 4740 naides
1343 4691 1366 4740 a

133 4757 181 4812 fa
199 4761 328 4828 naphas
347 4757 401 4810 toi
424 4762 483 4814 edd.
500 4778 546 4815 osa.
565 4764 590 4813 L
667 4768 712 4824 fai
731 4790 737 4802 ·
757 4776 820 4812 nais
840 4788 846 4799 ·
867 4776 920 4811 acce
939 4787 945 4798 ·
966 4762 994 4810 K
1060 4767 1256 4823 fusssssawc
1277 4760 1337 4811 add.
1356 4762 1435 4808 inter-

131 4839 201 4892 pret.
225 4834 303 4882 totius
324 4831 376 4880 tou
391 4832 524 4897 proprium
545 4846 637 4883 nomen
652 4832 782 4897 (succosa
803 4830 857 4895 se.)
879 4840 963 4880 atatem
982 4830 1084 4880 tradens
1104 4831 1129 4880 L
1204 4831 1332 4879 Almanam
1348 4840 1436 4878 verm

134 4900 244 4961 meae,
261 4900 299 4963 es.
318 4898 473 4951 ananau
489 4903 509 4955 l.
527 4902 544 4952 1.
563 4909 589 4952 et
605 4899 742 4968 Berpletum
760 4904 779 4952 1.
798 4901 872 4963 aa.
891 4899 926 4951 ³2
997 4900 1029 4950 17
1054 4900 1168 4966 ρειΐεσιι
1193 4897 1256 4950 add·
1278 4915 1295 4947 r
1363 4893 1398 4960 et]
1420 4909 1436 4942 r
