3322 5484
306 398 362 440 run
852 374 1060 438 PRAEFATIO

309 562 454 627 continet
478 569 615 647 uterque
639 557 847 624 Priscianum
863 559 1019 624 minorem
1044 582 1128 624 saec.
1153 560 1187 623 X
1210 558 1426 645 descriptum,
1455 557 1540 622 alter
1558 560 1610 644 (S)

309 671 384 750 post
404 664 514 729 varias
538 683 622 726 saec.
643 661 677 725 X
695 671 727 726 et
746 661 835 725 XIII
857 660 1065 725 membranas
1087 660 1328 746 conglutinatas
1351 659 1376 722 f.
1398 660 1609 743 sar-104,

309 763 393 829 alter
415 761 474 849 (Ν)
503 772 578 850 post
599 760 937 829 Prisciani-volumen
962 764 1069 827 maIus
1092 773 1124 828 et
1143 763 1250 848 ipsum
1272 781 1364 824 saec.
1378 761 1421 824 X.
1444 762 1609 850 conscrip

309 875 378 931 tum
401 866 425 929 f.
448 866 516 929 81v
538 901 582 913 -
604 868 705 931 109v.
733 864 826 928 deest
852 873 962 928 tamen
992 863 1040 927 illi
1065 865 1169 928 maior
1189 884 1265 949 pars
1290 859 1367 925 libri
1390 860 1509 925 XVIII
1532 861 1609 927 inde

303 989 331 1030 ·a
350 989 441 1032 voce.
464 964 609 1030 ‘clausus
629 965 673 1029 sit
692 963 746 1030 vel
762 973 843 1029 esto'
868 969 889 1046 ξ
911 969 969 1043 74,
993 960 1047 1028 hic
1066 987 1125 1052 per
1146 972 1326 1029 extremam
1346 973 1473 1050 partem
1490 964 1568 1028 inde
1588 986 1610 1028 a

310 1075 330 1152 ξ
355 1073 414 1132 157
437 1068 567 1133 Graeca
588 1067 718 1131 omnino
741 1068 861 1131 omittit
882 1089 920 1132 eo
943 1088 1047 1150 usque
1067 1066 1149 1129 satis
1169 1065 1289 1131 vitiose
1307 1063 1431 1136 addita.
1488 1067 1609 1130 utrius-

309 1193 373 1261 que
395 1169 472 1236 libri
491 1167 664 1249 lectiones,
687 1170 837 1254 quamvis
859 1174 890 1232 Ν
902 1167 1082 1254 singularia
1104 1166 1265 1253 quaedam
1282 1167 1453 1251 praebeat,
1477 1188 1609 1263 corrup

309 1274 409 1339 tionis
443 1269 621 1336 crescentis
652 1271 818 1356 specimen
851 1270 958 1358 potius
992 1291 1089 1355 quam
1124 1266 1321 1333 emendandi
1358 1268 1609 1334 instrumentum

309 1357 540 1465 praebuerunt.
1613 1357 1620 1365 ⁸

395 1472 646 1562 Aliquantulum
663 1473 787 1538 maiore
809 1493 883 1537 cum
903 1471 1014 1537 fructu
1032 1492 1111 1535 usus
1136 1493 1207 1534 sum
1228 1472 1263 1556 4)
1287 1472 1390 1537 variis
1405 1472 1610 1553 ,lectionibus

268 1565 275 1577 ’
311 1602 354 1644 ex
377 1576 449 1642 cod.
477 1573 575 1641 bibl.
604 1575 692 1662 imp.
715 1575 937 1640 Parisinae
962 1576 1061 1638 7499
1090 1574 1141 1658 (0)
1158 1576 1181 1610 ⁹²
1212 1595 1233 1635 a
1255 1573 1426 1639 Theodoro
1447 1574 1611 1640 Presselio

311 1680 451 1745 enotatis
463 1678 607 1762 mihique
621 1677 797 1742 concessis.
832 1676 885 1740 hic
895 1675 981 1739 enim
993 1675 1087 1760 liber,
1107 1676 1185 1740 olim
1196 1675 1393 1759 Puteanous,
1411 1677 1466 1762 qui
1482 1686 1613 1763 praeter

312 1779 475 1845 Prisciani
500 1776 540 1842 do
565 1779 807 1842 constructione
838 1776 939 1841 libros
971 1798 1056 1841 saec.
1084 1775 1196 1840 VIIII'
1211 1778 1349 1865 scriptos
1369 1777 1469 1842 babet
1489 1776 1611 1864 Engel-

313 1880 401 1945 modi
421 1879 566 1967 episcopi
589 1880 753 1961 carmina,
775 1877 940 1943 Prisciani
959 1874 1155 1962 περιήγησιν,
1171 1877 1356 1964 Eutychem
1382 1902 1455 1944 cum
1479 1879 1613 1945 scholiis

313 1983 348 2045 in
367 1981 431 2045 fine
452 1978 620 2064 mutilum,
641 2000 661 2044 a
681 2000 762 2067 puro
783 1989 816 2046 et
830 1979 966 2066 limpido
982 1979 1083 2064 fonte,
1107 2003 1149 2045 ex
1163 2002 1228 2069 quo
1242 1984 1500 2066 BVmanarunt,
1523 1980 1612 2050 haud

313 2084 360 2147 ita
381 2081 478 2167 longo
500 2082 634 2147 recedit.

398 2182 453 2247 Ex
467 2184 540 2269 ipso
558 2182 614 2249 illo
631 2181 722 2248 fonte
742 2182 938 2270 profluxisse
959 2185 993 2271 5)
1006 2185 1088 2250 cod.
1104 2185 1395 2250 Monacensem
1412 2184 1497 2250 Lat.
1513 2187 1613 2251 2qu

312 2283 460 2371 membr,
476 2284 629 2351 foliorum
645 2284 770 2352 formae
788 2307 876 2349 max.
892 2286 962 2367 168,
983 2287 1116 2371 saeculi,
1132 2296 1169 2351 nt
1184 2285 1335 2374 equidem
1350 2287 1501 2372 arbitror,
1516 2287 1613 2374 x1·³‚

313 2391 421 2477 ipsum
439 2387 517 2452 libri
537 2385 634 2451 huius
658 2393 885 2472 argumentum
908 2386 1024 2451 docere
1047 2397 1163 2475 potest.
1208 2387 1334 2452 duabus
1356 2388 1442 2453 enim
1463 2391 1613 2478 partibus

314 2488 420 2556 codex
441 2497 584 2554 constat:
614 2486 719 2552 altera
740 2497 791 2552 est
813 2487 1003 2553 Priscianus
1025 2490 1129 2555 maior
1149 2491 1251 2556 variis
1273 2489 1427 2556 manibus
1450 2494 1613 2582 conscrip-

313 2603 383 2677 tus,
405 2590 509 2656 altera
530 2590 644 2655 codem
663 2589 732 2654 fere
754 2587 983 2677 opusculorum
1006 2613 1140 2680 corpore
1158 2593 1339 2680 composita
1358 2603 1427 2678 est,
1447 2594 1534 2682 quod
1556 2619 1614 2684 per

314 2696 453 2784 optimos
478 2690 601 2757 saeculi
631 2691 709 2756 noni
738 2691 840 2756 libros
867 2701 1082 2778 propagatum
1111 2695 1312 2759 invenimus:
1353 2698 1499 2761 continet
1527 2699 1615 2763 enim

312 2797 476 2864 Prisciani
497 2793 599 2859 libros
623 2792 664 2858 de
687 2794 929 2858 constructione
951 2793 987 2857 Il
1015 2794 1054 2879 (f.
1081 2798 1170 2862 107v
1191 2833 1234 2847 —-
1259 2797 1374 2884 tour),
1407 2797 1554 2863 eiusdem
1574 2799 1614 2864 de

314 2899 428 2986 figuris
451 2917 676 2977 numerorum,
700 2892 873 2959 demetria
896 2895 1058 2980 Terentii,
1087 2896 1127 2961 de
1147 2900 1520 2985 praeexercitaminibus
1543 2901 1615 2966 rhe-

313 3002 426 3067 toricis
448 3007 608 3064 tractatus
630 2994 668 3082 (f.
698 2997 780 3058 160r
801 3034 844 3044 —
864 2999 924 3060 168
932 2996 979 3080 v),
996 2998 1032 3061 in
1052 3006 1199 3063 extrema
1222 2998 1362 3086 denique
1391 3021 1467 3085 pag.
1508 3011 1614 3067 extre-

315 3124 387 3167 mae
406 3109 498 3187 parte
521 3101 651 3164 initium
673 3098 847 3162 commenti
867 3097 1047 3181 Rufiniani,
1069 3099 1104 3162 in
1124 3101 1218 3164 cuius
1237 3121 1327 3165 voco.
1344 3100 1493 3167 ‘Flavius
1510 3102 1617 3194 Caper

316 3205 352 3267 in
381 3201 521 3266 artibus'
549 3224 581 3287 p.
612 3201 695 3261 2707
719 3197 757 3261 Ρ.
781 3198 914 3263 desinit.
970 3199 1013 3263 ad
1046 3199 1175 3264 Graeca
1197 3203 1349 3284 ,sananda
1370 3225 1523 3288 magnam
1544 3208 1615 3271 eius

317 3326 389 3368 esse
407 3300 581 3367 utilitatem
602 3300 832 3392 grammaticos
845 3300 1003 3366 docuerat
1020 3299 1186 3367 Leonardi
1202 3303 1369 3390 Spengelii
1384 3306 1498 3370 ‘index
1514 3306 1616 3372 Grae-

317 3425 429 3471 corum
451 3402 596 3468 locorum
621 3400 710 3488 apud
732 3400 937 3467 Priscianum
960 3424 1044 3490 quae
1067 3413 1182 3468 extant
1204 3427 1246 3470 ex
1268 3406 1380 3471 codice
1401 3406 1616 3491 Monacensi',

318 3506 405 3594 quod
434 3513 623 3593 pergratum
651 3493 939 3590 ‘supplementum'
954 3504 1108 3569 editionis
1140 3506 1351 3572 Krehlianae’
1385 3508 1525 3575 Varroni
1558 3532 1617 3574 suo

317 3607 514 3694 adgregarat
524 3607 559 3669 ⁹⁴.
618 3627 656 3669 ac
685 3626 802 3670 revera
826 3605 868 3670 ad
896 3605 1053 3671 librorum
1074 3610 1139 3672 BV
1156 3611 1392 3696 praestantiam
1415 3633 1515 3698 prope
1542 3633 1617 3679 eum

319 3709 475 3774 accedere
505 3706 678 3796 probatum
704 3715 754 3771 est
781 3706 956 3772 collatione
984 3706 1027 3770 ab
1050 3705 1171 3775 Ottone
1192 3709 1314 3775 Heluio
1335 3734 1441 3777 mcum
1462 3713 1497 3777 in
1520 3735 1616 3779 usum

261 3804 263 3808 ’
320 3811 469 3876 sollerter
483 3810 644 3874 instituta.

403 3912 458 3976 Ex
485 3910 598 3975 eadem
620 3930 699 3975 vero
722 3908 889 3995 Spengelii
912 3912 1183 3977 commentatione
1195 3917 1218 3951 ⁹⁵
1241 3913 1376 3979 edoctus
1403 3914 1509 3978 ‘hanc
1538 3914 1618 3981 alte-

317 4039 388 4084 ram
410 4013 573 4079 Prisciani
602 4020 729 4099 partcm
760 4016 914 4095 quattuor
939 4010 1034 4074 codd.
1064 4012 1216 4079 collatam
1246 4015 1288 4080 ab
1312 4015 1431 4100 Anglis
1461 4017 1618 4083 insertam

318 4128 433 4184 extare
450 4137 557 4180 novae
580 4110 740 4201 Scapulae
762 4109 909 4174 editioni’
933 4111 955 4174 i.
972 4134 1000 4175 c.
1018 4114 1201 4183 Oxoniensi
1224 4140 1254 4182 a.
1281 4120 1361 4182 1820
1383 4119 1419 4182 in
1442 4118 1546 4184 lucem
1561 4119 1617 4184 da·

225 4288 230 4295 ,
318 4231 382 4303 tae,
403 4217 460 4285 din
481 4218 569 4282 hunc
591 4216 710 4282 librum
727 4211 815 4301 apud
837 4222 999 4278 nostrates
1021 4215 1146 4283 frustra
1168 4222 1330 4307 quaesivi.
1360 4220 1478 4307 quade
1494 4244 1528 4285 re
1545 4244 1618 4286 cum

320 4325 419 4386 ctiam
434 4320 640 4387 Fridericum
657 4314 872 4383 Bitschelium
898 4318 1000 4384 literis
1024 4319 1161 4403 adirem,
1187 4323 1215 4386 is
1238 4322 1319 4386 mihi
1337 4322 1522 4408 rescripsit,
1546 4323 1617 4385 eius

321 4420 398 4486 libri
419 4422 500 4488 folia
519 4445 603 4511 quae
625 4421 847 4486 desiderarem
869 4443 911 4486 ex
924 4420 1048 4507 Anglia
1075 4444 1095 4485 a
1114 4422 1235 4491 Iacobo
1248 4425 1430 4512 Bernaysio
1450 4432 1619 4509 asportata

322 4542 405 4585 esse.
460 4527 517 4609 qui
548 4533 722 4613 postquam
752 4523 906 4610 precibus
933 4525 1016 4589 meis
1046 4524 1144 4591 facile
1171 4527 1400 4614 obtemperans
1425 4524 1506 4590 folia
1539 4523 1620 4588 haec

389 4712 424 4763 92
442 4713 517 4762 catal.
537 4673 611 4766 codd.
631 4732 693 4766 mss.
712 4714 775 4765 bibl.
795 4730 849 4780 reg.
870 4722 934 4778 part.
954 4718 987 4768 lll
1006 4726 1067 4768 tom.
1085 4719 1119 4768 lV
1137 4733 1163 4782 p.
1184 4714 1235 4768 367
1318 4716 1353 4767 93
1370 4716 1394 4765 X
1413 4714 1510 4764 saeculi
1528 4728 1620 4764 secun-

321 4800 381 4850 dum
401 4799 567 4865 Spengclinm
585 4801 601 4849 l.
621 4815 680 4851 ann.
700 4818 740 4864 sq,
761 4804 777 4853 l.
796 4820 823 4870 p.
843 4804 895 4857 603
965 4806 999 4856 94
1018 4805 1052 4856 Μ.
1071 4804 1172 4854 'secerni
1188 4802 1312 4853 Varronis
1331 4802 1363 4853 de
1376 4802 1467 4870 lingua
1481 4802 1536 4850 Lat.
1553 4813 1618 4865 quae

320 4895 458 4955 supersunt
476 4888 518 4940 ed.
538 4903 565 4954 p.
583 4887 741 4943 699-658
810 4890 881 4943 951.
901 4905 992 4941 comm.
1010 4905 1036 4956 p.
1056 4889 1107 4941 out
