3322 5484
224 365 288 408 xxu
521 393 526 401 .
600 375 610 388 κ
771 342 980 405 PRAEFATIO

225 538 323 616 atquc
351 551 389 594 eo
414 530 555 616 amplius
573 530 692 593 misere
720 528 913 593 dilaniatum
944 526 1094 610 doluisti,
1128 530 1309 616 experieris
1332 531 1526 616 integritati,

225 630 335 719 quoad
361 631 432 694 fieri
457 635 578 719 potuit,
609 631 786 716 diligenter
813 631 1017 694 restitutum:
1063 632 1179 717 aquo,
1202 630 1325 696 luxatis
1341 635 1525 718 sententiis,

224 732 348 799 violata
365 736 522 800 orationis
546 744 661 799 sutura
682 733 799 819 partim
825 732 963 797 Graecis
980 734 1165 819 expunctiS,
1187 734 1307 819 partim
1323 734 1435 819 ignoto
1450 736 1525 800 cha-

225 844 350 900 ractere
374 835 515 921 obrutis,
546 836 599 902 vel
629 856 741 899 crassa
769 837 901 899 inscitia
918 836 1101 916 temeratis,
1135 856 1267 919 manco,
1295 837 1427 921 mutilo,
1460 837 1524 903 dis·
1597 864 1602 873 ·

225 945 352 1024 carpto,
386 938 539 1004 confosso
561 948 659 1025 atque
681 937 777 1024 plane
802 938 948 1022 exangui
976 935 1135 1001 hactenus
1163 936 1388 1002 abhorruisti.'
1439 961 1525 1026 quae

225 1041 334 1127 omnia
353 1061 467 1105 secure
485 1041 646 1104 translata
668 1048 744 1103 sunt
766 1040 801 1103 in
817 1041 849 1121 a)
872 1038 929 1103 ed.
943 1037 1228 1105 Basileensem
1243 1062 1272 1104 a
1292 1044 1401 1105 1545.
1421 1042 1441 1105 8
1465 1044 1524 1126 (β),

224 1164 309 1230 quae
332 1144 464 1228 saepius
488 1141 606 1205 deinde
621 1141 762 1228 repetita
784 1152 844 1205 est.

307 1244 485 1327 Octoginta
507 1242 638 1306 demum
656 1242 725 1307 fere
748 1245 844 1307 annis
863 1251 937 1331 post
958 1242 1134 1307 editionem
1146 1243 1302 1307 Aldinam
1325 1247 1360 1327 9)
1376 1246 1525 1312 Helias

224 1346 449 1412 Putsehius
476 1347 762 1429 grammaticorum
791 1344 984 1409 Latinorum
1013 1346 1140 1431 corpori
1163 1345 1390 1411 concinnando
1418 1349 1524 1413 inten-

222 1461 276 1515 tus
305 1448 452 1513 criticam
477 1445 648 1511 Prisciano
676 1468 809 1534 operam
835 1448 981 1512 admovit
994 1451 1028 1510 ⁹⁹.
1073 1448 1195 1532 quain
1216 1469 1251 1511 re
1272 1455 1401 1532 praeter
1422 1448 1524 1512 libros
1596 1454 1598 1459 ’

154 1539 158 1547 ’
224 1573 323 1637 snpra
344 1547 494 1613 laudatos
517 1548 612 1612 etad
638 1558 782 1614 nostram
805 1570 932 1635 quoque
949 1549 1126 1613 editionem
1148 1547 1330 1631 adhibitos,
1354 1550 1523 1615 (1111101111-

223 1676 317 1733 num,
337 1650 617 1734 Bongarsianum,
641 1650 907 1733 Scaligcranum,
934 1671 1008 1713 curn
1031 1647 1105 1711 aliis
1125 1657 1158 1713 et
1173 1648 1248 1713 Iani
1271 1651 1404 1716 Gruteri
1420 1661 1453 1716 et
1472 1652 1523 1716 Ia-

223 1754 297 1819 cobi
309 1752 485 1835 Bongarsii
499 1759 568 1814 tum
576 1751 719 1816 Davidis
731 1750 920 1815 Hoeschelii
933 1750 1118 1815 etConradi
1127 1749 1340 1817 Rittershusii
1354 1752 1449 1818 libris
1465 1754 1522 1818 ad-

223 1859 312 1922 iutus
341 1863 408 1940 est,
444 1873 526 1938 quos
553 1860 664 1916 tamen
688 1874 801 1916 omncs
829 1851 895 1915 illis
923 1851 1097 1916 inferiores
1126 1852 1247 1937 fuisse,
1277 1877 1321 1919 ex
1349 1854 1431 1941 ipsis
1453 1854 1523 1919 sere

221 1956 436 2046 praefationis
464 1953 576 2018 verbis
606 1964 742 2041 apparet
755 1957 798 2018 ¹⁰⁰.
844 1954 895 2017 his
917 1952 1075 2017 subsidiis
1098 1975 1164 2018 non
1182 1975 1236 2036 ea,
1272 1976 1370 2042 quam
1399 1979 1522 2043 sperae,

186 2118 190 2123 .
222 2059 407 2124 constantia
428 2078 507 2121 usus
530 2065 579 2122 cst
600 2056 778 2121 Putschius
800 2065 833 2120 et
855 2057 926 2141 ipsc
940 2054 1084 2119 Aldinae
1096 2057 1302 2142 potissimum
1325 2057 1462 2123 editioni
1474 2060 1523 2122 in-

221 2162 331 2241 nisus,
358 2179 555 2245 quamquam
576 2157 664 2222 haud
686 2179 809 2244 pauca,
839 2159 1031 2244 praesertim
1054 2157 1200 2242 Graeca,
1224 2159 1421 2224 emendavit.
1466 2181 1523 2223 ex-

221 2260 388 2326 cusandus
411 2269 521 2324 tamen
549 2269 600 2325 eat
625 2258 820 2324 adulescens
849 2257 1015 2323 indefesso
1044 2260 1153 2325 studio
1181 2283 1263 2348 opus
1284 2260 1522 2349 amplissimum

221 2362 377 2443 moliens,
417 2362 505 2446 quod
537 2361 669 2448 singula
696 2383 762 2426 non
789 2360 903 2426 eadem
925 2360 1035 2425 ubivis
1058 2364 1267 2428 accuratione
1290 2373 1323 2429 et
1343 2366 1523 2430 acrimonia

221 2465 474 2530 administravit.
755 2457 757 2460 ’

306 2565 481 2631 Krehlio
509 2567 611 2651 igitur
633 2564 800 2651 theologo,
823 2566 897 2652 qui,
928 2573 1102 2653 postquam
1119 2588 1179 2653 per
1199 2565 1263 2632 duo
1285 2567 1426 2655 amplius
1450 2590 1520 2632 sac·

150 2694 163 2714 ·
222 2669 296 2752 cula
324 2671 426 2732 iacuit
452 2667 659 2750 Priscianus,
689 2669 762 2732 eius
789 2667 910 2732 edendi
933 2669 1136 2754 provinciam
1164 2668 1227 2732 sibi
1254 2670 1377 2756 imponi
1400 2691 1518 2755 passus

221 2780 287 2852 est,
318 2769 406 2834 baud
432 2771 595 2833 immerito
624 2791 836 2851 succenseas,
866 2768 954 2856 quod
975 2791 1091 2834 severa
1108 2779 1142 2832 ct
1163 2769 1277 2854 iniqua
1299 2771 1339 2834 de
1362 2770 1520 2836 Putsehio

221 2874 345 2938 iudicia
366 2872 440 2960 plus
464 2870 564 2935 semel
586 2871 759 2958 protulerit
775 2874 819 2934 ¹⁰¹.
864 2872 957 2935 cuius
979 2879 1089 2934 tamen
1111 2870 1285 2956 superbiae
1305 2875 1385 2937 satis
1408 2896 1521 2960 super·

221 2997 285 3063 que
308 2996 430 3061 poenas
453 2974 529 3038 olim
553 2973 644 3037 dedit
664 2974 716 3037 vir
735 2974 1040 3039 reverendissimus.
1085 2993 1161 3035 nam
1178 2981 1350 3059 postquam
1376 2976 1428 3063 10)
1442 2975 1520 3039 duo·

221 3078 284 3141 bus
306 3076 530 3141 voluminibus
551 3074 685 3159 Lipsiae
705 3076 801 3138 annis
830 3077 910 3137 1810
932 3082 965 3137 et
988 3075 1069 3137 1820
1094 3072 1257 3137 Prisciani
1284 3097 1384 3161 opera
1405 3076 1519 3159 edidit,

221 3175 314 3240 libris
336 3183 388 3238 sat
410 3175 539 3259 multis,
558 3174 654 3238 bonis
676 3175 807 3259 paucis,
836 3196 982 3260 eaquae
1006 3173 1208 3260 philologum
1230 3173 1325 3240 decet
1347 3176 1520 3263 diligentia

223 3277 312 3342 nullo
337 3299 431 3359 usus,
455 3296 623 3341 censorem
646 3273 777 3360 quidem
799 3285 914 3339 nactus
933 3285 984 3339 est
1005 3275 1295 3341 clementissimum
1314 3278 1519 3365 eundemque

223 3478 314 3544 sibus
342 3499 372 3540 a.
398 3479 478 3541 1822
492 3481 535 3560 ¹⁰¹,
564 3484 733 3564 practerea
756 3500 852 3560 vero,
882 3487 1039 3565 quantum
1067 3479 1218 3566 equidem
1247 3482 1330 3562 scio,
1362 3481 1516 3546 adversa-

290 3649 325 3702 09
350 3650 513 3700 Grammatici
528 3651 612 3700 Latini
632 3658 747 3702 auctores
768 3654 865 3715 antiqui
882 3667 1017 3720 ...opera
1035 3664 1060 3704 et
1077 3655 1162 3705 studio
1188 3655 1274 3705 Heliae
1298 3654 1410 3706 Putsclrii
1435 3656 1519 3709 1111110-

221 3739 278 3787 viae
292 3737 367 3789 1005.
378 3740 394 3787 d
405 3754 430 3803 p.
444 3736 496 3787 529
508 3752 580 3800 sqq.;
599 3737 723 3787 Prisciani
740 3741 799 3791 inst.
821 3755 928 3805 gramm.
947 3741 1050 3806 explent
1066 3756 1144 3807 pugg.
1164 3740 1321 3794 533-1211
1398 3743 1449 3794 100
1468 3744 1517 3793 ‘Ex

222 3823 325 3890 losephi
344 3822 471 3890 Scaligeri
497 3823 562 3873 libro
586 3840 678 3890 graeca
702 3827 823 3892 pleraque
848 3827 873 3875 in
901 3826 973 3875 libris
996 3822 1061 3892 nael
1081 3819 1239 3889 συντάξεως
1257 3837 1315 3881 sunt
1335 3829 1465 3890 restituta,
1492 3813 1541 3878 in⁰

221 3911 374 3977 qrribnsdam
392 3921 476 3961 tamen
493 3924 540 3962 nos
559 3912 642 3977 magis
660 3913 723 3960 invit
741 3912 806 3961 liber
824 3913 923 3962 clariss.
942 3913 1052 3975 Grutcri,
1073 3915 1171 3978 reliqna
1187 3924 1245 3966 sunt
1263 3931 1295 3966 ex
1314 3915 1386 3964 libris
1403 3915 1520 3981 Bongar-

220 4000 311 4052 sienis.
350 3997 480 4057 Quaedam
501 4007 584 4047 tamen
604 3998 680 4047 etiarn
699 4013 731 4047 cx
750 3999 851 4051 clariss.
871 3999 979 4049 Davidis
998 4000 1126 4052 Hoeahelii
1145 4000 1223 4066 (sic)
1239 4010 1264 4051 et
1282 4000 1393 4051 Gunrudi
1411 4001 1519 4050 litttera-

220 4087 290 4138 basii
308 4085 348 4136 lc.
368 4085 441 4135 libris
459 4085 593 4135 emendata
611 4093 678 4135 sunt.
714 4086 834 4135 Laconas
851 4085 947 4149 aliquot
966 4095 1076 4147 restam,
1096 4104 1160 4151 quas
1177 4097 1205 4137 ut
1226 4103 1360 4153 speramus
1379 4103 1412 4138 ex
1429 4086 1458 4137 P·
1471 4090 1518 4138 Pe-

219 4175 283 4224 tavii
301 4174 382 4240 Regio
401 4172 490 4224 codiee
509 4188 584 4235 qnam
600 4171 642 4221 his
660 4174 763 4222 excusis
781 4175 937 4238 accepimns,
962 4176 986 4223 in
1005 4175 1079 4226 Notis
1103 4174 1292 4240 explebimns’.
1329 4173 1518 4240 Bongarsianea

220 4262 278 4326 ipse
297 4260 433 4312 Putsehius
451 4259 603 4310 Graecorum
630 4267 760 4309 auctorum
780 4260 865 4309 uerbis
883 4276 969 4310 carcre
988 4262 1116 4324 qumitur3
1135 4260 1430 4324 alter,quiBe1·naeln
1450 4260 1514 4313 bibl.

220 4345 292 4410 publ.
314 4356 460 4398 asservatur
484 4345 528 4413 (11.
547 4346 599 4398 320
618 4363 643 4395 r.
663 4345 798 4397 Sinnerum
824 4347 841 4400 1.
862 4330 1054 4410 11585011.)
1077 4357 1101 4398 et
1125 4348 1230 4408 mutilus
1253 4355 1291 4397 est
1314 4354 1340 4396 et
1364 4353 1451 4396 nostro
1477 4361 1517 4395 re·

221 4432 333 4487 cautior:
363 4436 406 4498 qui
425 4436 476 4487 sint
493 4435 568 4486 ‘libri
588 4433 623 4485 Cl.
640 4431 768 4493 Gruteri’‚
799 4449 864 4497 qnos
882 4433 977 4483 itidem
996 4432 1091 4498 laudat,
1110 4433 1253 4483 maelmin
1273 4430 1433 4499 praelatione
1449 4440 1517 4481 certe

220 4516 253 4567 de
269 4531 321 4567 nuo
340 4532 420 4582 eoque
437 4529 523 4572 nostro
542 4521 595 4588 agit
612 4520 645 4572 ef.
665 4536 692 4587 p.
711 4519 779 4570 11111.
813 4527 886 4570 notas
914 4521 1049 4582 quominus
1069 4519 1155 4569 ederet
1179 4527 1341 4584 praematura
1358 4517 1517 4568 1101111011-

220 4601 321 4653 schium
340 4605 489 4668 impeditum
515 4623 571 4658 esse
596 4616 694 4657 consuo
767 4606 814 4656 101
840 4607 964 4657 Prisciani
983 4622 1044 4671 opp.
1064 4608 1074 4654 1
1093 4620 1119 4669 p.
1141 4604 1198 4656 XV.
1221 4604 1277 4655 130,
1301 4607 1358 4656 157.
1380 4605 1438 4656 185.
1454 4607 1515 4658 283.

220 4688 272 4739 509
289 4693 337 4736 etc·
410 4690 459 4741 102
477 4708 502 4742 11.
516 4693 665 4745 aar-²36
679 4710 705 4760 p.
725 4693 873 4755 400-132,
893 4708 959 4755 quae
977 4707 1092 4754 censura,
1113 4691 1193 4739 literis
1214 4691 1244 4743 11.
1257 4691 1285 4741 E.
1306 4693 1417 4757 signata,
1435 4692 1518 4740 11111-

219 4773 490 4828 derieoLindemanno
510 4781 624 4844 prolecta
643 4796 700 4830 esse
718 4779 820 4827 dicitnr.
854 4787 929 4843 atque
948 4779 973 4828 id
992 4778 1094 4828 indiciis
1111 4779 1213 4841 quidem
1233 4779 1363 4829 nonnullis
1379 4778 1516 4828 conflrma—

218 4868 259 4909 tnr
276 4859 310 4909 ci.
330 4868 414 4909 tamen
433 4875 459 4914 n.
479 4863 575 4930 2361).
594 4868 660 4928 420,
690 4865 735 4915 nbi
759 4878 850 4916 censor
867 4864 1108 4916 Lindemanniansm
1126 4865 1237 4928 aliquam
1259 4865 1431 4916 coniecturam
1448 4865 1517 4915 relu-
