3322 5484
689 336 896 400 PRAEFATIO
1414 363 1443 404 ιιι

147 526 242 589 tosP.
279 526 315 587 in
333 523 482 607 margine
501 522 668 609 superiore
686 521 741 586 iol.
756 523 847 584 211v
875 519 978 584 literis
997 520 1066 585 fere
1084 521 1234 605 detersis,
1256 531 1375 587 utnon
1388 545 1443 588 au-

146 628 242 693 deam
253 624 429 704 affirmare,
436 625 544 710 ipsum
555 622 795 688 emendatorem
808 643 907 708 supra
917 632 1203 687 commemoratum
1216 645 1255 689 ea
1266 623 1444 708 addidisse,

146 728 299 815 quamvis
310 723 391 790 mihi
402 722 535 810 quidem
548 724 595 789 ita
608 724 717 788 visum
733 725 786 804 sit,
808 722 962 808 leguntur
977 722 1074 788 haec:
1107 724 1250 789 ‘Teotbt'
1266 726 1444 791 monahoua

148 829 280 915 scripsit
303 836 336 892 et
359 827 555 912 supscripsit
576 848 642 891 non
663 823 742 888 iecit
755 823 868 889 bene’.
912 833 1085 912 utrumque
1106 826 1274 914 exemplar
1292 837 1324 891 et
1345 831 1444 916 serip-

148 931 229 994 toria
251 937 285 993 et
305 927 524 992 emendatoria
546 949 588 992 ex
608 926 837 990 Theodoriana
856 927 1045 1016 recensione
1067 928 1250 1014 profectum
1268 950 1357 1011 esse,
1390 929 1444 995 do-

148 1040 225 1096 cent
247 1030 517 1115 subscriptiones.
562 1028 718 1115 pleraque
740 1027 877 1110 menda,
896 1050 980 1114 quae
999 1038 1173 1111 corrector,
1195 1028 1290 1094 homo
1303 1028 1444 1115 diligens

150 1153 190 1195 ac
219 1130 349 1212 soliers,
378 1129 582 1212 emendavit,
608 1131 733 1218 primae
760 1150 876 1193 manus
899 1129 1128 1215 neglegentiae
1154 1129 1330 1194 tribuenda
1358 1140 1444 1214 sunt,

148 1252 345 1320 quamquam
365 1252 433 1295 non
455 1230 585 1311 dubito,
615 1232 694 1316 quin
716 1229 913 1316 aliquotiens
932 1252 973 1294 ex
997 1231 1109 1296 codice
1131 1254 1190 1296 suo
1212 1241 1341 1296 vetusto
1364 1232 1446 1296 vitia

150 1356 194 1398 ex
208 1333 280 1419 ipso
295 1332 416 1418 prioris
435 1331 602 1417 scriptoris
623 1331 800 1418 archetypo
816 1330 977 1396 translata
992 1332 1189 1416 emendarit;
1210 1331 1252 1395 ab
1272 1330 1447 1396 arbitraria

148 1445 260 1499 tamen
267 1432 472 1497 correctione
485 1453 520 1495 se
526 1431 595 1497 fere
609 1431 780 1497 abstinuit.
804 1435 971 1498 variarum
979 1432 1154 1498 lectionum
1161 1434 1203 1498 ab
1215 1455 1253 1498 eo
1261 1432 1447 1497 additarum

148 1538 184 1600 in
206 1535 365 1620 scriptore
388 1533 453 1596 iam
472 1542 542 1596 tum
558 1555 616 1620 per
635 1533 764 1599 scholas
776 1533 990 1599 multifariam
1009 1533 1166 1617 lectitato,
1187 1543 1342 1615 correcto,
1361 1532 1446 1617 glos-

149 1638 195 1700 sis
217 1637 377 1699 instructo
401 1657 466 1698 non
488 1657 617 1723 semper
638 1635 753 1700 eadem
781 1635 976 1701 auotoritas:
1003 1636 1039 1698 in
1066 1636 1256 1698 universum
1276 1642 1387 1698 tamen
1409 1631 1446 1696 li-

148 1737 207 1801 bro
232 1739 280 1799 ar
299 1737 500 1801 recensionis
523 1736 770 1802 Theodorianae
790 1735 1007 1823 limpidiorem
1031 1734 1154 1800 fontem
1176 1735 1288 1798 inveni
1309 1733 1445 1816 nullum,

147 1838 330 1903 vetustiore
351 1857 415 1899 uno
437 1845 566 1900 tantum
586 1860 645 1924 per
662 1839 816 1922 exiguam
838 1840 946 1926 operis
968 1845 1094 1924 partem
1112 1837 1160 1899 uti
1182 1834 1263 1899 mihi
1285 1834 1388 1899 licuit.

232 1936 320 2001 Nam
343 1959 435 2023 spes,
454 1960 552 2024 quam
573 1936 721 2021 Pertzio,
744 1939 816 2004 viro
835 1940 1074 2021 illustrissimo,
1104 1936 1211 2001 indice
1234 1937 1446 2002 olimoonce-

149 2062 261 2127 peram
271 2039 306 2120 ⁴⁴,
329 2038 400 2102 fore
422 2049 459 2103 ut
478 2040 565 2104 inter
581 2041 866 2124 grammaticorum
887 2038 1082 2105 Latinorum
1101 2060 1201 2125 opera
1220 2037 1324 2103 literis
1340 2037 1445 2103 Mero·

147 2140 291 2227 vingicis
320 2135 451 2202 saeculo
492 2139 630 2224 septimo
667 2142 803 2226 scripta,
845 2163 928 2227 quae
960 2139 1161 2205 bibliotheca
1190 2141 1380 2205 monasterii
1412 2139 1445 2203 S.

149 2240 245 2307 Pauli
267 2242 302 2304 in
322 2235 495 2302 Carinthia
517 2240 661 2306 custodit
677 2242 709 2323 ⁴⁵,
732 2242 936 2306 inveniretur
957 2241 1164 2324 Priscianus,
1195 2263 1234 2305 ea
1254 2239 1296 2305 ad
1317 2242 1446 2305 irritum
1482 2325 1487 2333 ι

148 2341 283 2408 redacta
305 2347 371 2420 est,
394 2360 468 2401 cum
485 2341 558 2406 viro
581 2340 857 2407 excellentissimo
873 2341 1075 2408 Prokeschio
1097 2343 1140 2406 ab
1163 2341 1285 2425 Osten,
1309 2342 1364 2427 qui
1377 2351 1447 2405 tum

147 2443 304 2531 temporis
335 2438 437 2524 legati
459 2439 628 2506 Austriaci
650 2441 738 2529 apud
760 2443 978 2509 Boruseorum
1006 2466 1117 2530 regem
1147 2446 1238 2509 vices
1267 2443 1446 2525 obtinebat,

148 2573 222 2616 sese
248 2550 490 2633 interponente,
509 2541 615 2607 codex
635 2545 707 2608 eius
726 2544 961 2627 bibliothecae,
980 2553 1016 2609 ut
1038 2554 1126 2610 certe
1146 2545 1357 2610 affirmabant
1379 2568 1445 2610 mo·

147 2649 260 2731 nachi,
297 2644 460 2710 Prisciani
488 2665 573 2708 unus
604 2645 691 2710 solus
722 2646 764 2710 ad
793 2668 845 2709 me
868 2645 995 2711 delatus
1020 2656 1071 2710 est
1096 2646 1226 2712 saeculo
1255 2646 1446 2712 duodecimo

148 2750 370 2836 conscriptus,
400 2745 458 2832 qui
488 2753 561 2832 post
590 2767 672 2833 opus
700 2745 834 2833 aliquod
857 2745 1045 2832 liturgicum
1066 2744 1255 2811 continebat
1276 2745 1354 2812 libri
1376 2770 1446 2834 aep-

150 2853 221 2918 timi
243 2849 363 2915 decimi
387 2848 467 2911 artis
488 2846 651 2911 Prisciani
673 2857 798 2934 partem
820 2844 960 2934 priorem
984 2849 1063 2911 satis
1086 2848 1205 2911 vitiose
1227 2849 1382 2933 scriptam
1393 2850 1427 2910 ⁴⁸.

234 2950 330 3015 Libri
342 2969 437 3035 porro
451 2949 559 3013 octavi
571 2948 756 3034 fragmenta
769 2945 992 3037 palimpsesta,
1005 2971 1088 3035 quae
1101 2948 1315 3011 inveniuntur
1327 2946 1387 3010 sub
1400 2946 1445 3013 fo·

149 3056 202 3120 liis
220 3054 347 3139 aliquot
359 3048 481 3113 codicia
503 3052 559 3111 141
577 3047 795 3114 bibliothecae
814 3047 914 3114 schol.
930 3047 1015 3113 med.
1032 3047 1341 3135 Montepessulanae
1361 3071 1445 3114 saec.

148 3155 252 3221 vnn
270 3149 438 3236 rescriptis
445 3150 479 3232 ⁴⁷,
499 3150 571 3234 ipso
587 3149 707 3232 codiee,
725 3160 761 3216 ut
778 3150 919 3232 videtur,
943 3150 1032 3215 haud
1051 3150 1154 3215 multo
1168 3150 1359 3232 vetustiora,
1374 3149 1447 3215 dili-

148 3257 281 3343 gentius
293 3251 483 3318 examinare
498 3249 578 3315 mihi
593 3272 658 3315 non
678 3250 782 3335 licuit,
803 3275 863 3338 per
880 3252 980 3316 ferias
998 3251 1219 3316 bibliothecae
1240 3251 1446 3316 autumnales

148 3379 169 3419 a
183 3356 311 3421 medico
323 3353 405 3418 satis
418 3372 554 3430 moroso,
568 3351 623 3436 qui
636 3350 687 3414 his
699 3351 861 3417 thesauris
878 3355 1082 3440 praepositus
1102 3363 1162 3435 est,
1172 3375 1237 3418 non
1250 3353 1320 3416 sine
1335 3351 1447 3438 aliqua

150 3456 344 3523 difficultate
363 3452 407 3516 ad
423 3451 458 3516 id
474 3451 629 3533 admisso,
644 3462 682 3517 ut
699 3452 894 3518 festinanter
911 3453 1040 3518 codices
1055 3453 1227 3520 nonnullos
1239 3453 1445 3540 inspicerem.

231 3557 321 3622 Vsus
339 3575 417 3619 vero
438 3575 510 3618 sum
529 3551 679 3618 frustulis
700 3554 860 3618 Parisinie
892 3555 1023 3620 saeculo
1044 3565 1160 3621 octavo
1186 3556 1333 3647 seriptis,
1362 3577 1447 3642 quae

148 3661 292 3726 continet
313 3653 469 3720 notabilis
487 3653 543 3718 ille
564 3663 597 3718 et
613 3664 777 3741 spectatus
799 3656 831 3739 2)
848 3655 948 3722 bibl.
969 3658 1060 3744 imp.
1075 3656 1292 3721 Parisinae
1315 3657 1447 3722 codex

148 3762 266 3840 7530,
295 3755 373 3822 oiim
395 3755 599 3820 Telierianus
623 3757 705 3841 (Ρ),
734 3756 822 3823 edito
841 3758 919 3823 inde
934 3760 1079 3824 carmine
1101 3757 1141 3822 de
1162 3756 1277 3842 figuris
1300 3768 1333 3822 et
1357 3758 1446 3823 sche-

217 3899 251 3951 43
268 3898 299 3949 ci.
316 3895 448 3961 catalogus
459 3896 536 3949 codd.
547 3911 609 3947 mss.
624 3898 687 3953 bibi,
699 3915 753 3965 reg.
766 3908 830 3965 part.
844 3901 877 3949 iii
888 3908 949 3954 tom.
965 3902 1000 3951 IV
1010 3917 1037 3967 p.
1051 3899 1111 3951 366.
1128 3914 1167 3948 vv.
1180 3898 1207 3951 ii,
1225 3898 1337 3950 iocorum
1351 3899 1448 3961 aliquot

150 3988 306 4038 Graecorum
330 4000 345 4032 a
366 3983 495 4034 Prisciane
520 3985 655 4034 citatorum
675 4001 707 4034 ex
731 3985 780 4035 hoc
803 3987 860 4036 cod.
887 3987 967 4037 edidit
985 3986 1135 4038 Theodorus
1152 3986 1294 4036 Presaeiius
1309 3985 1396 4034 lievue
1414 3986 1447 4034 de

145 4071 313 4139 philologici
334 4070 417 4130 1845,
437 4069 592 4120 145—158
679 4073 714 4121 44
733 4071 946 4121 Monatsbericbte
971 4073 1062 4124 iano.
1083 4073 1150 4125 191.
1169 4087 1196 4137 p.
1217 4071 1270 4122 419
1356 4070 1390 4119 45
1417 4083 1444 4122 v.

149 4159 276 4208 Pertzium
294 4154 390 4205 Archiv
408 4154 450 4204 iirr
468 4155 545 4204 altere
564 4155 685 4207 deutsche
705 4157 940 4208 Geschichtsltunde
960 4160 992 4209 iii
1011 4159 1044 4210 78
1063 4158 1096 4208 ci.
1116 4158 1230 4208 analecta
1248 4163 1383 4221 grammat.
1403 4155 1444 4204 ed.

146 4244 176 4293 ab
188 4239 339 4291 Eichenfeld
352 4250 376 4291 et
384 4240 521 4290 Endiicber
533 4241 650 4305 pxxni
661 4257 701 4305 sq.
715 4242 767 4294 510
776 4259 832 4306 sqq.
885 4246 919 4297 49
932 4245 1013 4313 [ipsas
1023 4243 1070 4294 has
1080 4242 1198 4308 plagulas
1208 4241 1344 4306 corrigenti
1358 4240 1449 4290 aliero·

146 4330 219 4377 batur
233 4323 344 4392 epistula
356 4324 490 4391 i'ridegari
500 4326 579 4374 hionii
590 4341 630 4374 me
641 4327 773 4376 certiorem
784 4325 910 4386 facientis,
921 4342 949 4376 ae
960 4328 984 4374 in
996 4324 1040 4374 iilo
1053 4325 1207 4373 monasterio
1218 4324 1315 4372 vidisse
1322 4324 1447 4389 codicem,

145 4408 492 4473 saec.V1111rioeacriptum,
503 4422 578 4470 quem
586 4409 650 4458 inter
661 4398 790 4458 ‘tractatus
804 4409 1086 4473 diversosentiquorum
1099 4408 1329 4472 grammaticorum
1338 4409 1447 4461 Priscia-

146 4513 192 4547 ιω
204 4509 305 4559 quoque
316 4493 445 4545 continere
459 4492 632 4540 arbitraretur.
656 4501 682 4541 at
692 4501 827 4557 postquam
840 4492 933 4542 librum
945 4494 1051 4542 abionio
1063 4491 1202 4540 indicatum
1210 4491 1390 4545 liberalissime
1399 4511 1445 4561 pe-

146 4583 206 4632 tenti
216 4579 280 4630 mihi
293 4574 820 4641 transmisiti'erdinaudusSteinringerus,
833 4577 979 4627 monasterii
990 4580 1045 4626 eiua
1054 4575 1378 4646 ahbasreverendissimua,
1389 4591 1441 4631 sta-

143 4669 186 4717 tim
198 4666 260 4726 vidi,
272 4662 516 4726 hancspemitemm
527 4662 759 4713 easeabioicndam.
784 4662 816 4712 de
823 4664 879 4727 ipso
885 4661 974 4712 codice
986 4663 1050 4712 alias
1058 4662 1151 4727 agendi
1163 4662 1232 4712 loeus
1244 4664 1302 4730 erit]
1354 4668 1388 4716 47
1403 4665 1438 4718 ci.

144 4753 243 4803 Librins
249 4749 355 4802 Journal
361 4749 409 4799 des
416 4762 509 4799 sevana
517 4747 625 4801 latam.
635 4751 762 4814 lampii
771 4748 1019 4815 Cataioguegtnerai
1035 4749 1081 4799 des
1092 4750 1242 4801 manuscrits
1254 4752 1299 4802 des
1307 4752 1447 4802 bibliothe-

143 4854 204 4903 quea
212 4839 446 4904 desdepartemens
458 4835 469 4884 i
479 4833 529 4886 337
539 4849 578 4898 sq.
587 4835 683 4886 Kellios
692 4834 905 4887 Monatsberichte
915 4837 961 4887 der
969 4851 1068 4904 prensa.
1079 4837 1221 4889 diademis
1233 4840 1308 4905 1852,
1324 4838 1374 4890 159
1381 4834 1423 4900 sq.
