3322 5484
589 346 592 352 '
669 308 911 407 'itinerario
963 416 968 426 θ
1378 372 1453 415 xvim

145 543 229 587 eum
255 520 334 584 olim
354 519 455 585 fuisse
478 520 597 586 docent
616 522 697 588 haec
719 524 821 590 verba
844 528 879 592 in
899 529 996 593 tertio
1021 551 1041 594 a
1068 529 1133 595 fine
1160 532 1255 597 folio:
1290 510 1370 600 ‘hoc
1389 557 1456 600 ma-

147 623 205 686 ius
236 620 390 687 volumen
414 623 572 708 prisciani
601 626 682 688 artis
708 630 920 711 grammatice
951 639 1002 694 est
1033 630 1124 696 beati
1152 633 1301 719 stephani
1324 636 1455 722 protho-

147 724 323 805 martiris',
359 725 412 787 cui
439 732 523 789 testo
546 725 694 790 eiusdem
724 726 941 795 bibliothecae
968 731 1039 796 cod.
1065 733 1124 795 132
1141 734 1165 767 ⁸³
1192 732 1248 798 fol.
1273 741 1285 798 l
1310 736 1452 802 Priscia-

148 848 217 889 nus
246 848 320 890 cum
353 824 478 912 aliquot
504 825 580 890 aliis
606 825 701 892 codd.
731 828 786 893 ‘ad
803 831 1021 898 eruditionem
1042 832 1228 899 scolarium'
1253 835 1382 903 oblatus
1405 847 1456 903 est
1514 891 1517 896 .

147 947 171 988 a
194 926 413 993 itlarcuuar'do
433 927 570 993 diacono
593 930 698 993 sancti
718 930 877 1018 Stephani
897 935 933 997 in
951 934 1164 1000 Halberstad.
1187 938 1360 1019 canonico,
1397 942 1455 1026 qui

148 1084 253 1142 ‘anno
281 1078 323 1143 ab
353 1080 580 1145 incarnatione
609 1070 732 1147 domini
752 1049 985 1151 M.O.XL.VII⁰
1007 1087 1096 1176 apud
1117 1098 1224 1153 trecas
1254 1089 1289 1152 in
1309 1087 1454 1175 burgun-

149 1229 209 1295 dia
230 1230 279 1295 Vl
302 1231 378 1298 idus
408 1233 523 1321 aprilis
548 1233 589 1299 de
610 1234 708 1301 huius
729 1238 796 1302 uite
819 1238 985 1335 ergastulo
1007 1240 1051 1305 ad
1070 1240 1397 1328 requicm'migrauit
1420 1249 1453 1304 et

149 1348 241 1437 apud
264 1373 333 1415 scm
351 1348 465 1436 lupum
486 1350 627 1418 fideliter
653 1357 853 1443 requiescit'.
905 1356 957 1422 hic
985 1358 1053 1424 illic
1081 1358 1276 1426 exciderunt
1303 1357 1398 1439 folia,
1433 1379 1456 1423 a

150 1476 197 1516 m.
219 1474 286 1517 rec.
307 1453 428 1541 partim
449 1452 601 1541 suppleta
612 1458 648 1520 ⁸⁸.

239 1554 302 1619 His
322 1552 437 1618 addidi
458 1555 605 1619 ciusdem
622 1556 690 1622 fere
707 1560 826 1623 aetatis
843 1561 1054 1648 eiusdemque
1069 1561 1167 1648 pretii
1188 1562 1223 1646 9)
1247 1560 1454 1644 fragmen·
1520 1625 1523 1629 .

148 1668 233 1721 tum
257 1654 548 1722 bibliothecae
570 1659 766 1745 publicae
788 1660 1054 1728 Amienensis
1078 1664 1152 1749 (Α),
1179 1661 1267 1749 qnod
1290 1671 1324 1725 et
1345 1662 1453 1747 ipsum

148 1761 186 1823 in
206 1759 358 1843 catalogo
378 1780 399 1821 a
420 1759 581 1826 Garnerio
603 1760 753 1827 confecto
775 1761 906 1828 saeculo
925 1786 1011 1830 nono
1032 1766 1189 1831 tribuitur
1202 1767 1237 1847 ⁸⁵,
1259 1763 1342 1827 mihi
1364 1785 1384 1826 a
1399 1784 1454 1829 va-

148 1863 209 1925 riis
232 1883 321 1924 saec.
344 1859 379 1924 X
399 1872 432 1926 et
453 1861 504 1926 XI
526 1863 680 1929 manibus
702 1865 933 1930 concinnatum
950 1867 1093 1933 videtur.
1138 1874 1267 1931 constat
1288 1887 1354 1929 uno
1375 1886 1454 1951 qua·

148 1965 301 2028 ternione
319 1964 411 2029 artis.
421 1985 558 2049 gramm.
582 1966 714 2030 initium
734 1965 911 2033 exhibente
930 1968 1092 2056 usquead
1112 1969 1252 2032 ‘navita’
1274 1966 1332 2031 lib.
1347 1966 1396 2046 Ιξ
1411 1968 1453 2029 52

149 2073 184 2128 et
205 2063 313 2128 tribus
334 2064 604 2151 quaternionibus
635 2067 913 2154 defsignatis,
948 2070 1069 2156 quibus
1096 2071 1210 2133 insunt
1232 2065 1310 2132 libri
1331 2065 1453 2131 IIIIV

148 2166 194 2230 Vl
211 2187 319 2253 usque
350 2165 392 2230 ad
425 2165 584 2231 ‘eiusdem
605 2169 867 2254 significationis'
896 2168 953 2235 lib.
976 2171 1063 2252 Vl}
1084 2174 1140 2253 43,
1167 2171 1233 2234 nisi
1254 2169 1342 2256 quod
1361 2177 1452 2254 quat.

148 2294 168 2331 e
194 2267 293 2332 foll
315 2267 370 2332 ab
396 2267 516 2332 amisso
543 2270 642 2355 periit
662 2291 739 2356 pars
765 2271 842 2336 libri
865 2272 937 2336 IIII
966 2276 1006 2360 (ἓ
1029 2275 1160 2352 36—§
1177 2272 1244 2351 50).
1304 2270 1454 2335 ultimum

148 2379 243 2457 quat.
265 2369 281 2433 f
302 2368 417 2435 folium
438 2368 510 2454 (fol.
524 2368 596 2433 cod.
610 2372 664 2459 30)
684 2372 820 2459 praebet
841 2373 962 2459 ‘glosas
985 2375 1121 2438 minoris
1136 2372 1324 2453 Prisciani’,
1348 2369 1452 2436 libelli

149 2494 197 2537 sc.
211 2470 255 2535 de
276 2472 443 2538 nominum
466 2470 694 2556 declinatione,
717 2477 825 2561 quiet
846 2476 917 2563 ipse
939 2477 986 2541 sic
1006 2477 1193 2539 nominatus
1209 2482 1268 2537 est.
1283 2473 1327 2536 =in
1341 2473 1455 2558 quinto

696 2574 711 2613 ι

148 2628 294 2713 denique
312 2624 526 2714 quaternione
549 2624 650 2711 (sign.
672 2625 718 2689 VI
734 2666 776 2697 m
802 2665 813 2674 -
836 2626 954 2691 liturae
975 2629 1010 2691 ni
1034 2626 1057 2690 f.
1078 2628 1165 2690 inest
1183 2647 1272 2688 num.
1288 2623 1341 2687 llI
1362 2662 1373 2671 ·
1396 2622 1452 2688 iol.

146 2731 187 2791 31
212 2766 257 2775 —
275 2728 336 2814 38)
366 2726 423 2791 lib.
456 2725 504 2789 VI
540 2726 615 2790 finis
649 2726 726 2790 inde
756 2751 776 2791 a
801 2750 873 2792 voc.
906 2727 1086 2812 ‘gaudium’
1110 2730 1130 2807 ξ
1150 2731 1190 2790 77
1213 2736 1246 2790 et
1267 2726 1396 2788 initium
1417 2722 1454 2787 li·

145 2829 200 2894 bri
234 2827 301 2891 Vll
326 2850 430 2914 usque
454 2827 497 2892 ad
523 2827 623 2892 ‘idem
646 2828 846 2893 insecundo
868 2831 988 2913 georg'
1016 2829 1099 2909 §27
1128 2827 1234 2891 literis
1259 2826 1453 2909 consignata

147 2941 238 2998 sunt

145 3057 150 3091 ι
236 3033 284 3097 Ηί
303 3041 370 3096 tres
393 3030 522 3094 codices
544 3034 634 3094 ΑΒΗ
658 3031 700 3097 ad
722 3031 909 3097 ulteriorem
932 3038 1043 3096 textus
1067 3030 1237 3094 historiam
1263 3010 1452 3111 repraesen-

145 3137 285 3203 tandam
315 3131 516 3197 videbantur
537 3133 635 3219 plane
658 3133 820 3198 sufficere.
876 3134 1015 3221 apposui
1036 3133 1140 3218 igitur
1160 3153 1219 3218 per
1240 3128 1341 3192 libros
1366 3125 1449 3189 XVI

146 3242 278 3328 priores
299 3235 431 3322 plenam
451 3233 546 3299 codd.
571 3242 604 3297 et
624 3239 747 3300 ΚΒΜ
765 3245 798 3300 et
820 3240 903 3300 GLK
920 3245 969 3320 et,
997 3235 1195 3321 ubicumque
1216 3232 1369 3312 aderant,
1401 3234 1454 3292 ΡΑ

147 3342 280 3408 variam
301 3338 483 3429 lectionem.
529 3345 563 3400 at
582 3358 624 3401 cx
642 3338 723 3427 ipsis
745 3337 797 3402 his
819 3337 914 3402 codd.
937 3339 1036 3401 etiam
1058 3333 1155 3421 paulo
1178 3336 1264 3399 ultra
1286 3329 1453 3417 magistel-

145 3445 257 3508 lorum
279 3459 411 3526 operam
432 3439 466 3502 in
488 3437 658 3503 Prisciano
684 3440 755 3506 sive
777 3437 980 3503 emendando
1007 3440 1078 3503 sive
1103 3435 1333 3524 interpolando
1355 3431 1452 3497 collo-

146 3554 259 3608 catam
272 3539 563 3626 licebatpersequi.
598 3562 674 3604 nam
688 3538 796 3605 nullus
811 3539 878 3604 fere
891 3540 975 3605 liber
988 3540 1165 3621 invenitur,
1182 3540 1262 3626 quin
1276 3560 1296 3602 a
1308 3533 1452 3622 complu·
1470 3614 1479 3624 ο

145 3643 243 3708 ribus
264 3640 477 3728 scriptoribus
499 3649 614 3727 postea
635 3648 818 3725 correctus,
848 3643 1058 3724 immutatus,
1090 3638 1324 3727 interpolatus,
1348 3637 1453 3703 variis

144 3743 347 3810 lectionibus
370 3741 507 3806 adiectis
530 3741 747 3828 amplificatus
768 3744 821 3806 sit.
866 3766 977 3807 corum
999 3741 1101 3827 igitur
1129 3761 1229 3825 opera
1255 3749 1291 3805 ut
1319 3749 1352 3804 et
1380 3741 1453 3826 ipsa

145 3846 399 3931 dignosceretur
411 3843 610 3926 itacffeci,ut
620 3843 734 3909 literae
744 3845 886 3907 minores
895 3843 1035 3929 singulis
1049 3841 1144 3907 codd.
1155 3844 1240 3906 notis
1254 3839 1454 3927 responden-

145 3958 198 4012 tes
214 3970 242 4030 r,
258 3946 299 4010 de
312 3966 378 4033 qua
393 3944 610 4028 antedictum,
634 3949 778 4027 habaida,
799 3945 918 4032 quibus
929 3966 1062 4032 perraro
1084 3943 1211 4007 accedit
1226 3965 1259 4025 p,
1278 3941 1338 4004 has
1357 3959 1452 4001 curas

146 4046 388 4134 significarent.
418 4054 487 4110 etr
506 4046 638 4133 quidem
660 4047 703 4112 ab
718 4045 983 4112 emendatoribus
1006 4045 1244 4111 recentioribus
1266 4043 1310 4128 (B
1324 4061 1362 4103 m.
1375 4036 1451 4120 rec.)

147 4236 351 4302 liertzbergiuo,
376 4250 452 4299 qnam
470 4236 577 4287 decebat
594 4237 755 4305 philologum
772 4239 805 4288 ob
824 4237 931 4287 eandem
950 4237 1138 4303 neglegentiam
1156 4234 1288 4285 ilrclrlinm
1306 4227 1453 4292 theologum

146 4326 308 4389 adroganter
325 4329 350 4372 et
367 4322 459 4373 acerbe
479 4323 665 4387 vituperantem
762 4322 797 4374 83
823 4324 972 4389 ‘evangelia
990 4338 1046 4373 eum
1063 4323 1214 4373 lectionibus
1232 4338 1279 4387 per
1296 4321 1355 4369 anui
1371 4319 1449 4368 circu·

146 4410 203 4461 lum
226 4409 372 4459 ordinata’.
406 4424 473 4471 quaa
493 4409 553 4459 inde
574 4424 652 4475 supra
672 4408 752 4459 relata
775 4402 848 4471 sunl,
876 4424 907 4458 ea
929 4409 1112 4459 humanissime
1133 4424 1232 4458 mecum
1257 4406 1453 4456 communicavit

145 4496 305 4548 Theodorus
322 4493 470 4548 Scbmidiua
539 4497 575 4547 84
595 4510 618 4545 v.
638 4495 831 4561 llertzbergium
851 4493 868 4545 l.
884 4509 905 4543 c.
923 4510 948 4559 p.
967 4493 1018 4546 233
1036 4510 1090 4556 sq.;
1114 4493 1270 4553 addendum,
1288 4493 1357 4557 quod
1375 4493 1451 4542 etiam

146 4586 174 4634 in
197 4582 247 4637 tot.
269 4582 302 4632 lr
326 4596 394 4634 am.
413 4598 465 4632 rec.
491 4582 662 4647 perscriptum
681 4591 720 4632 est
738 4598 779 4648 ep.
800 4581 834 4630 ad
852 4578 977 4628 lulianum
996 4579 1071 4629 datae
1090 4579 1203 4637 initiun13
1230 4595 1264 4632 m.
1284 4594 1323 4645 pr.
1353 4578 1396 4628 iol.
1416 4579 1453 4627 lv

143 4669 242 4732 incipit
269 4682 285 4717 a
311 4667 406 4717 verbis:
434 4668 673 4734 ‘(vitn)peraudum
693 4683 733 4717 me
754 4672 826 4718 esse’
946 4666 982 4717 85
1009 4667 1027 4715 1.
1049 4665 1156 4715 Garnier
1180 4663 1314 4730 catalogue
1339 4664 1453 4726 descrip-

144 4754 179 4803 til
197 4762 225 4802 et
242 4754 364 4803 miscent
381 4751 427 4803 dea
444 4767 506 4803 mss.
523 4753 556 4802 de
575 4751 600 4803 la
615 4751 790 4816 bibliotheque
815 4752 973 4803 communale
995 4751 1027 4802 de
1051 4751 1075 4801 ln
1098 4751 1159 4802 ville
1179 4751 1326 4811 dhanene,
1348 4750 1454 4798 auriens

145 4836 220 4889 184³
239 4851 269 4901 p.
287 4836 337 4887 347
355 4852 395 4900 sq.

1199 4921 1245 4981 b*
