3322 5484
693 360 901 422 PRAEFATIO
1373 382 1446 424 rxvrr
1462 452 1468 463 ,

144 552 214 615 rios
232 548 360 613 invenit
379 544 499 608 multos
519 544 714 630 eosdemque
736 546 854 629 partim
875 544 1070 626 acerrimos,
1089 543 1290 610 laudatorem
1310 547 1447 632 nullum,

145 660 320 740 patronum
352 669 453 711 unum
488 645 707 711 Reiuholdum
744 644 912 709 Klotzium
929 647 973 709 ¹⁰³.
1023 667 1084 730 ego
1114 667 1197 732 quae
1225 647 1265 711 de
1301 649 1395 714 libris
1425 672 1446 714 a

147 752 287 818 Krehlio
309 750 353 814 ad
374 748 552 813 editionem
576 770 665 812 susm
685 746 842 812 adhibitis
866 748 1006 812 dicenda
1028 754 1136 829 crant,
1158 749 1366 834 supradixi,
1388 752 1446 816 ubi

146 864 237 922 recte
257 855 293 917 in
314 853 434 938 glossis
454 853 648 939 pracsertim
668 871 733 913 uon
756 851 828 912 sine
847 850 998 915 acumine
1012 849 1211 935 indagandis
1234 859 1266 915 et
1281 853 1446 940 extirpan-

146 956 200 1022 dis
221 976 290 1019 rem
313 953 562 1018 administrasse
584 952 676 1017 visus
696 960 762 1032 cst,
793 968 883 1031 eum,
911 953 960 1014 uti
980 973 1041 1037 par
1060 961 1149 1032 erat,
1181 950 1331 1034 laudavi,
1355 954 1445 1019 litem

148 1055 321 1124 intendere
350 1056 437 1136 seni,
469 1055 526 1141 qui
547 1052 630 1116 haec
652 1051 762 1115 studia
782 1052 839 1117 diu
860 1051 1008 1138 reliquit,
1039 1074 1101 1118 nec
1122 1053 1217 1118 dulce
1238 1055 1318 1120 mihi
1340 1056 1447 1121 visum

147 1166 199 1223 est
224 1178 286 1220 nec
311 1154 392 1219 utile
407 1154 450 1218 ¹⁰⁴.
499 1158 598 1219 immo
617 1155 742 1238 gratias
766 1155 797 1217 ei
819 1174 933 1237 agam,
962 1155 1050 1241 quod
1074 1157 1145 1221 eius
1176 1178 1276 1244 opera
1297 1157 1447 1222 effectum

148 1267 214 1341 est,
235 1267 273 1321 ut
295 1256 436 1322 Godof
442 1257 532 1322 redi
555 1256 776 1321 Hermanni
797 1255 838 1319 de
860 1255 940 1321 loeis
962 1256 1087 1344 aliquot
1107 1258 1348 1324 difficilioribus
1376 1283 1448 1324 sen-

147 1360 254 1425 tentia
273 1380 348 1423 cum
370 1357 448 1423 orbe
466 1359 596 1423 literato
617 1359 920 1424 communicaretur.

232 1461 280 1525 At
299 1461 401 1526 multo
423 1462 529 1546 magis
556 1462 684 1547 gratiae
712 1462 754 1525 iis
775 1460 857 1525 viris
880 1459 1027 1544 agendae
1050 1471 1140 1545 sunt,
1170 1465 1227 1549 qui
1249 1463 1303 1529 vel
1331 1465 1448 1529 iisdem

149 1565 204 1629 vel
226 1561 389 1629 similibus
411 1563 530 1627 officiis
553 1565 588 1628 in
609 1585 707 1650 opere
726 1560 925 1649 perficiendo
948 1561 1028 1624 mihi
1051 1563 1114 1650 ipsi
1137 1565 1309 1631 affuenmt.
1354 1569 1448 1631 cuius

148 1662 351 1751 suscipiendi
378 1687 452 1729 cum
480 1674 557 1729 ante
577 1664 636 1729 hos
658 1665 813 1729 undecim
841 1685 944 1728 annos
974 1664 1148 1729 consilium
1172 1668 1349 1752 agitarem,
1384 1671 1448 1756 pri-

147 1789 237 1830 mum
260 1767 438 1831 acerrimus
462 1765 577 1830 suasor
603 1765 684 1830 mihi
711 1765 824 1829 extitit
845 1764 1023 1830 Carolus
1046 1766 1345 1853 Lachmannus3
1380 1780 1448 1834 tum

148 1890 224 1935 cum
247 1877 372 1933 aestate
394 1856 473 1933 anni
498 1869 580 1932 1844
603 1867 645 1932 ad
667 1867 903 1932 conferendum
925 1865 1145 1932 bibliothecae
1168 1872 1333 1957 gymnasii
1361 1872 1448 1937 codi-

148 1992 219 2034 cem
257 1968 527 2034 Halberstadium
568 1969 776 2057 profecturus
811 1991 934 2054 essem,
971 1968 1075 2034 literis
1104 1973 1384 2038 commendaticiis
1407 1975 1449 2038 ad

148 2071 358 2138 Theodorum
387 2070 589 2137 Schmidium
621 2071 708 2136 datis
731 2070 966 2136 humanissime
998 2093 1050 2136 me
1077 2074 1235 2139 instruxit
1268 2075 1449 2140 Ioannes

149 2173 391 2258 Schulnius,
429 2176 485 2261 qui
516 2173 625 2238 studia
651 2195 725 2237 mea
756 2195 962 2261 peromnem
984 2173 1071 2239 hunc
1092 2160 1251 2242 annorum
1273 2177 1448 2242 decursum

148 2277 234 2343 fovit
255 2287 305 2355 et,
328 2277 525 2363 ubicumque
548 2277 677 2342 occasio
700 2275 913 2359 offerebatur,
942 2276 1080 2342 adiuvit.
1124 2277 1228 2343 literis
1250 2290 1358 2344 autem
1382 2279 1448 2345 illis

148 2381 212 2447 viri
239 2380 357 2443 summi
379 2376 511 2442 traditis
534 2402 554 2442 a
576 2377 782 2444 Schmidio
800 2374 1002 2445 'suavissimo
1023 2379 1165 2467 hospitio
1185 2389 1343 2467 exceptus
1364 2403 1447 2464 sum,

149 2483 246 2546 cuius
268 2481 489 2569 gratissimam
511 2481 701 2545 memoriam
723 2504 785 2545 nec
806 2483 929 2548 delevit
951 2492 1079 2569 tempus
1106 2504 1166 2548 nec
1187 2504 1342 2569 umquam
1364 2483 1450 2561 dele:

147 2585 209 2650 bit.
266 2602 452 2671 peraunos
479 2570 732 2665 osindensis,
772 2586 868 2665 1846,
901 2586 982 2647 1847
1017 2586 1150 2670 patris
1179 2584 1451 2651 dilectissimi

147 2685 309 2751 beneficio
331 2682 412 2748 mihi
434 2685 587 2768 contigit,
610 2693 647 2749 ut
668 2686 784 2750 itinere
805 2707 864 2771 pcr
885 2685 1114 2766 Gennaniam,
1135 2686 1357 2769 Hellandiam,
1378 2688 1451 2753 Bel-

148 2791 255 2874 giam,
285 2785 447 2869 Galliam,
481 2784 627 2869 Italiam,
656 2786 802 2851 Siciliam
835 2796 987 2873 suscepto
1016 2789 1316 2874 praestantissimas
1342 2800 1375 2854 et
1403 2790 1450 2854 di-

148 2889 295 2953 tissimas
311 2887 427 2951 harum
443 2897 604 2952 terrarum
621 2886 836 2953 bibliothecas
858 2888 994 2953 adirem.
1039 2911 1178 2976 quarum
1198 2891 1357 2976 praefecti
1379 2891 1450 2954 ubi-

149 2992 202 3056 vis
225 2989 295 3054 fere
322 3010 449 3054 summa
475 3012 548 3054 cum
577 2988 776 3054 liberalitate
797 2990 1024 3056 thesaurorum
1052 3012 1183 3055 suorum
1205 2990 1450 3076 indagationem

151 3103 250 3179 atque
272 3112 369 3155 usum
390 3091 470 3156 mihi
495 3101 737 3157 concesseruut.
786 3093 910 3157 nemini
932 3103 1043 3158 tamen
1062 3092 1177 3158 horum
1193 3093 1299 3178 magis
1314 3093 1450 3158 obstric-

149 3205 219 3260 tum
255 3215 307 3257 me
336 3215 408 3258 esse
438 3195 593 3258 confiteor
620 3215 718 3280 quam
749 3195 899 3263 Iacobo
922 3195 1067 3262 Geelio
1094 3204 1127 3259 et
1148 3194 1296 3260 Oarolo
1321 3193 1450 3259 Bene·

152 3298 265 3362 dicto
288 3294 433 3379 Basia,
456 3296 512 3383 qui
534 3317 600 3382 qua
620 3297 771 3360 comitate
793 3320 845 3362 me
867 3299 1076 3386 exceperint,
1099 3308 1299 3385 quantopere
1322 3296 1450 3362 labores

150 3422 240 3465 meos
262 3399 489 3481 sustentarint,
511 3398 576 3462 iam
599 3397 673 3484 plus
688 3399 789 3463 semel
809 3410 902 3485 grato
924 3404 1034 3466 animo
1054 3400 1185 3489 publice
1201 3408 1339 3464 testatus
1368 3421 1450 3482 sum,

151 3503 272 3568 debitis
307 3500 461 3566 laudibus
489 3500 678 3588 praedicare
705 3524 771 3566 non
796 3501 902 3567 valeo,
961 3525 1025 3590 quo
1051 3502 1148 3567 modo
1177 3501 1295 3567 deiude
1322 3512 1451 3588 practer

151 3605 396 3670 Raumerum
418 3600 772 3685 etProkesehium,
794 3605 883 3668 viros
904 3604 1209 3685 excellentissimos,
1229 3595 1450 3686 Baehrius',

150 3706 424 3794 Beruaysius,
448 3691 745 3788 Bethmannub,
768 3705 991 3788 Brunnius,
1014 3705 1219 3788 Halmius,
1238 3705 1451 3769 Heimsoe-

151 3808 283 3890 thius,
313 3805 505 3887 Heinius,
530 3805 708 3888 Keilius,
733 3805 1047 3895 Linsmayerus,
1073 3806 1327 3888 Presselius,
1353 3806 1451 3869 Rib-

150 3909 344 3990 beckius,
361 3906 626 3971 Ritschelius
646 3905 740 3973 libris
756 3933 833 3973 mss.
852 3911 1085 3996 procurandis,
1109 3906 1326 3988 cduferendis,
1349 3905 1449 3992 inspi-

151 4009 278 4075 ciendis
300 4009 434 4073 sibime
457 4004 682 4087 devinxerint,
701 4009 737 4072 id
759 4032 859 4098 supra
879 4010 1060 4077 indicatum
1083 4021 1144 4076 est.

238 4111 291 4175 Ita
311 4110 500 4195 largissima
528 4110 571 4173 ad
591 4109 795 4175 Priscianum
824 4113 1061 4178 recensendum
1092 4110 1292 4199 supellectile
1322 4107 1450 4194 praedi-

152 4222 204 4277 tus
232 4213 267 4277 id
288 4222 399 4277 tamen
426 4212 460 4274 iu
481 4213 567 4275 votis
591 4211 771 4296 habebam,
797 4223 834 4278 ut
855 4213 997 4278 editione
1024 4236 1098 4279 mea
1119 4214 1200 4277 viris
1227 4211 1331 4275 doctis
1354 4207 1451 4270 simul

155 4315 194 4379 de
216 4319 278 4396 ea,
292 4335 358 4401 qua
377 4314 448 4398 ipse
469 4311 658 4378 Priscianus
679 4337 761 4379 usus
784 4324 881 4396 esset,
903 4315 1060 4380 librorum
1080 4337 1167 4401 penu
1190 4311 1304 4376 iudicii
1324 4309 1453 4374 ferendi

155 4417 343 4481 facultatem
368 4415 568 4501 praeberem.
623 4416 833 4502 quamobrem
861 4415 949 4480 locos
980 4418 1172 4502 scriptorum
1201 4413 1243 4477 ab
1272 4434 1309 4477 eo
1333 4411 1451 4476 allatos

155 4540 228 4582 curn
256 4519 338 4604 ipsis
360 4537 471 4580 eorum
498 4515 592 4580 libris
616 4539 693 4583 mss.
716 4518 914 4603 ubicumque
936 4516 1057 4581 licebat
1078 4517 1126 4579 ita
1147 4514 1296 4579 conferre
1312 4514 1450 4595 institui,

156 4714 206 4754 tare
223 4705 316 4755 audet.
354 4721 401 4756 nee
425 4709 512 4759 variae
529 4708 652 4758 lectiones
670 4723 685 4756 a
704 4724 808 4760 censore
827 4709 861 4758 ad
879 4708 923 4758 lib.
943 4707 978 4756 Vl
997 4708 1013 4770 S
1030 4707 1065 4759 20
1083 4706 1175 4757 allatae
1192 4721 1218 4760 n.
1238 4707 1289 4759 235
1309 4721 1335 4772 p.
1354 4704 1407 4756 419
1425 4705 1451 4751 in

156 4792 289 4843 collatione
307 4792 529 4845 Lindemanuisua
547 4796 682 4845 adnotatae
698 4803 756 4844 suut
837 4796 886 4848 103
904 4810 928 4846 r.
948 4793 1044 4844 Archiv
1063 4792 1082 4847 i.
1102 4793 1246 4859 Philologie
1263 4793 1316 4842 und
1335 4791 1451 4854 Pasage

157 4879 199 4944 git
215 4881 261 4930 Vll
277 4882 330 4935 232
403 4880 452 4932 104
470 4881 504 4935 ct.
526 4898 591 4946 quae
608 4882 792 4932 humanissime
807 4881 874 4932 hano
891 4884 917 4932 in
936 4896 988 4931 rem
1003 4881 1069 4932 dtxlt
1079 4880 1233 4948 Spengelius
1248 4880 1265 4928 l.
1281 4879 1298 4927 l.
1313 4891 1341 4941 p.
1351 4875 1402 4927 003
1411 4889 1451 4935 sq.
