3322 5484
705 345 912 407 rsmrsrro
1042 417 1047 428 ,
1427 365 1462 406 xv

145 527 332 614 designari
359 525 536 590 videretur.
582 533 617 588 at
638 527 726 589 circa
749 525 836 589 idem
859 524 928 590 fere
951 533 1079 612 tempus
1102 547 1145 590 ex
1168 547 1232 590 uno
1255 526 1394 591 fortasse
1416 524 1463 589 al-

146 641 274 694 terove
294 627 424 692 illorum
443 625 592 690 codicum
608 624 691 689 liber
718 636 829 691 noster
846 624 1030 713 descriptus
1051 636 1110 691 est.
1155 627 1333 691 adfuerunt
1354 636 1462 691 autem

149 733 230 795 siue
252 731 358 816 ipsius
379 730 449 791 sive
469 726 639 814 archetypi
662 729 733 793 eius
754 726 891 793 librario
913 726 977 790 duo
1006 730 1223 815 exemplaria,
1252 751 1389 814 quorum
1416 726 1461 791 al-

150 842 268 894 terum
291 828 475 894 Romanum
502 826 604 891 fuisse
628 827 747 892 docent
768 826 995 891 adnotationes
1023 827 1067 890 ad
1094 827 1152 891 lib.
1173 828 1190 890 I
1213 833 1233 909 §
1253 832 1282 892 2.
1305 836 1323 893 7
1351 829 1385 893 ll
1409 832 1462 893 35.

153 929 250 1019 quod
272 951 334 1016 per
354 952 390 995 se
410 931 531 993 mirum
551 952 617 993 non
637 937 703 1011 est,
725 950 800 993 cum
820 927 933 992 Scotos
959 928 1096 992 Romam
1115 951 1214 1018 saepe
1235 932 1462 1017 peregrinatos

154 1053 235 1095 esse
253 1030 421 1118 librosque
442 1029 522 1094 inde
543 1038 731 1118 asportasse
747 1039 883 1094 constet.
928 1039 963 1094 at
980 1053 1066 1095 nunc
1083 1031 1207 1096 Romae
1228 1042 1297 1095 tam
1311 1052 1463 1094 reveren-

156 1132 224 1197 dae
246 1134 423 1197 vetustatis
444 1129 565 1195 librum
585 1131 708 1196 frustra
736 1133 898 1218 quaesivi.
943 1135 1087 1196 omnium
1114 1135 1201 1198 enim
1231 1135 1288 1221 qui
1316 1131 1364 1197 ibi
1396 1153 1462 1196 ser-

155 1242 283 1298 vantur
303 1232 466 1298 Prisciani
488 1233 639 1324 codicum
670 1232 800 1297 saeculo
825 1232 967 1317 decimo,
997 1237 1050 1298 cui
1073 1236 1294 1321 assignandus
1323 1225 1374 1298 est
1398 1233 1462 1296 Va·

154 1337 289 1399 ticenus
315 1336 411 1416 1480,
441 1336 653 1400 vetustiorem
674 1337 787 1399 inveni
809 1333 943 1399 nullum.
989 1346 1024 1400 at
1047 1360 1112 1401 non
1133 1337 1268 1423 patebat
1294 1334 1352 1400 illo
1382 1344 1462 1399 tem-

155 1457 239 1522 pore
260 1433 463 1499 bibliotheca
481 1435 736 1515 Barberiniana,
770 1435 828 1500 ubi
857 1439 1138 1502 ‘vetustissimus’
1162 1438 1326 1502 Prisciani
1355 1435 1463 1499 codex

159 1536 335 1601 dicebatur
363 1536 533 1602 adservari
548 1540 582 1600 ⁶⁰.
641 1538 699 1603 sed
724 1559 767 1601 ne
795 1538 918 1602 10000εί
948 1538 1080 1625 quidem
1109 1540 1275 1611 saeculum
1301 1538 1463 1602 decImum

159 1638 338 1722 excedere,
364 1648 539 1726 postquam
559 1638 664 1704 doctis
686 1639 888 1704 bibliotheca
906 1639 964 1702 illa
996 1639 1124 1705 reclusa
1151 1651 1202 1706 est
1230 1641 1363 1705 edoctus
1392 1659 1463 1702 sum

158 1763 179 1803 a
207 1739 432 1823 Bethmanno,
475 1741 641 1824 Brunnio,
686 1740 902 1823 1110000100,-
921 1743 977 1827 qui
1006 1763 1080 1806 mea
1109 1745 1218 1828 gratia
1247 1764 1321 1806 eum
1355 1743 1464 1827 inspe-

158 1850 293 1906 xerunt.

247 1942 388 2008 Codices
409 1943 535 2030 aliquot
558 1941 808 2028 sangallenses,
830 1948 887 2031 qui
901 1968 987 2011 anno
1003 1947 1082 2027 925,
1107 1954 1143 2007 01
1165 1945 1208 2009 ab
1229 1944 1463 2028 Hungarorum

160 2043 407 2110 incursionibus
429 2055 656 2127 servarentur,
681 2044 939 2110 Reichenaviam
964 2047 1065 2111 delati
1088 2056 1198 2129 erant,
1229 2044 1375 2109 redditos
1397 2067 1463 2109 non

159 2169 250 2229 esse,
273 2155 387 2211 narrat
408 2147 632 2211 Ekkchardus
647 2149 680 2209 ⁶².
735 2146 778 2210 ad
797 2147 856 2211 hos
877 2146 978 2212 libros
1001 2146 1289 2211 Caroliruhensem
1309 2155 1460 2211 nostrum

159 2251 342 2335 pertinere,
365 2249 581 2313 demonstrari
608 2250 730 2336 nequit.
758 2259 793 2313 at
821 2250 856 2335 6)
883 2251 917 2313 10
941 2247 1200 2314 bibliotheca
1232 2258 1462 2315 conventus

137 2337 242 2413 ⁸San
248 2348 453 2434 gallensis
469 2351 603 2413 tertium
614 2346 782 2435 exemplar
794 2350 941 2413 eiusdem
954 2352 1155 2414 recensionis
1171 2360 1274 2434 extat,
1296 2353 1463 2436 signatum

159 2471 325 2515 numero
348 2453 421 2513 904
446 2451 517 2537 (G),
540 2450 694 2531 membr„
722 2452 919 2536 paginarum
939 2449 1062 2515 formae
1084 2454 1248 2516 maximae
1268 2454 1340 2516 249.
1396 2473 1462 2515 am·

158 2552 316 2637 plectitur
339 2549 544 2614 Priscianum
572 2551 727 2613 maiorem
749 2559 782 2613 et
800 2550 937 2613 minoris
964 2551 1095 2614 initium
1117 2553 1281 2639 usquead
1302 2575 1372 2618 voc.
1394 2560 1462 2617 ‘na-

158 2649 325 2714 turaliter'
351 2654 370 2730 ξ
393 2655 433 2714 67
456 2674 488 2736 p.
507 2650 587 2714 1068
608 2649 646 2713 P.
660 2653 682 2685 ⁰³
725 2648 888 2713 Theodori
911 2652 1099 2714 memoriam
1114 2664 1225 2718 servat
1241 2656 1274 2718 in
1296 2654 1459 2738 subscrip-

159 2752 308 2816 tionibus
340 2749 417 2814 libri
445 2750 529 2813 VIII
556 2760 606 2834 et,
636 2751 708 2836 ipso
731 2748 895 2813 Theodori
925 2752 1055 2815 nomine
1084 2753 1213 2837 addito,
1240 2753 1316 2819 libri
1337 2753 1407 2815 XII
1427 2753 1460 2814 ⁸⁴.

160 2855 331 2918 variorum
353 2854 407 2939 qui
437 2875 510 2917 cum
532 2855 798 2938 conscripserunt
819 2849 1028 2915 librariorum
1053 2855 1150 2916 unius
1175 2876 1294 2917 nomen
1322 2854 1459 2918 ascribi-

160 2957 275 3018 turin
296 2956 446 3038 margine
469 2955 634 3039 superiore
656 2976 733 3040 pag.
758 2956 817 3014 157
847 2973 867 3014 0
882 2949 997 3016 'scriba
1023 2952 1115 3017 illum
1136 2957 1337 3041 excipiente:
1381 2957 1463 3020 ‘huc

162 3038 268 3141 usque
290 3054 405 3119 caluus
426 3057 584 3142 patricius
608 3055 782 3140 depinxit’.
811 3053 947 3118 alterius
961 3052 1088 3121 librarii
1110 3077 1227 3120 nomen
1249 3056 1322 3121 coll.
1337 3058 1460 3122 codicis

161 3177 241 3242 pag.
257 3159 328 3219 194.
352 3158 413 3218 207
432 3156 569 3221 Zeussio
591 3157 695 3221 fuisse
713 3153 842 3219 videtur
862 3155 1002 3240 Dongus
1021 3158 1092 3221 sive
1105 3155 1278 3243 Donngus.
1314 3159 1355 3224 ad
1376 3160 1463 3223 hunc

162 3257 312 3320 codicem
329 3266 363 3321 et
378 3259 486 3344 ipsum
504 3255 779 3322 conscribendum
793 3255 857 3322 duo
871 3256 1073 3344 exemplaria
1094 3270 1252 3346 usurpata
1274 3283 1347 3328 esse
1368 3263 1464 3327 docet

163 3419 260 3490 nota,
283 3429 367 3494 quae
382 3430 458 3495 pag.
481 3411 521 3473 89
541 3410 676 3493 legitur:
721 3369 756 3471 ‘l
781 3411 813 3473 .i.
833 3409 867 3472 in
887 3408 953 3472 alia
970 3408 1112 3476 editione
1120 3419 1140 3495 ’,
1164 3434 1249 3499 quae
1275 3414 1316 3479 ad
1336 3414 1462 3480 addita-

163 3571 312 3627 mentum
332 3559 416 3625 libro
438 3559 467 3622 V
490 3571 639 3625 assutum
661 3561 792 3625 videtur
809 3560 972 3645 pertinere
988 3564 1021 3642 ⁸⁵,
1039 3563 1217 3651 cademque
1235 3574 1311 3629 nota
1329 3530 1345 3629 I
1364 3569 1463 3632 etiam

165 3663 249 3727 alibi
272 3664 307 3726 in
328 3663 431 3726 variis
454 3661 652 3727 lectionibus
675 3659 1317 3744 00100000100010001000010111233.
1340 3671 1400 3732 513
1427 3667 1462 3731 Il

164 3766 218 3826 21.
245 3763 285 3824 25
304 3762 365 3827 Kr.
393 3765 501 3850 ipsum
523 3773 632 3829 autem
647 3762 793 3827 codicem
816 3770 963 3824 nostrum
982 3785 1048 3827 non
1069 3765 1139 3828 sine
1156 3768 1228 3831 veri
1246 3772 1360 3855 ¹spocic
1388 3792 1463 3834 cum

217 3968 254 4020 00
267 3968 361 4018 Bromii
371 3969 526 4020 bibliotheca
536 3971 657 4020 libromm
668 3985 729 4020 mss.
741 3969 829 4019 ltalita
838 3986 865 4035 p.
878 3970 942 4021 153:
958 3970 1045 4022 ricco.
1065 3971 1139 4024 1007.
1150 3973 1273 4024 Prisciani
1286 3972 1461 4038 grammatica.

163 4056 210 4107 roi.
224 4056 282 4105 000.
296 4056 484 4107 vetustissimus
494 4061 510 4105 ².
530 4064 588 4106 sunt
602 4065 686 4106 autem
699 4057 757 4105 iibri
768 4057 828 4115 000,
844 4071 950 4118 quorum
961 4057 1002 4106 hic
1011 4057 1043 4106 ad
1053 4059 1184 4111 saeculum
1193 4059 1238 4110 XII
1249 4060 1356 4124 pertinet
1428 4053 1460 4104 01

161 4144 281 4193 codicem
296 4141 373 4206 1000,
390 4157 457 4192 0000
469 4158 539 4196 num.
549 4141 584 4192 97
595 4144 723 4210 signatum
803 4143 838 4194 6¹2
857 4143 1003 4194 iilrlrehardi
1012 4160 1088 4196 casus
1100 4144 1127 4200 S.
1140 4147 1206 4196 Galli
1216 4161 1257 4211 ap.
1269 4145 1397 4196 Portarum
1408 4156 1462 4190 mo·

160 4246 235 4283 unm.
246 4218 336 4280 Germ.
350 4229 410 4279 hist.
423 4229 445 4278 ii
456 4227 506 4279 100
566 4227 600 4279 tia
615 4228 647 4278 de
666 4229 715 4279 hoc
728 4216 796 4277 libro
811 4235 927 4278 accurate
946 4231 998 4294 egit
1007 4231 1127 4280 Zeussius
1144 4232 1162 4284 Ι.
1177 4230 1193 4278 1.
1214 4233 1223 4280 1
1242 4246 1269 4295 p.
1280 4231 1340 4279 xiii
1351 4243 1406 4290 sqq.
1426 4226 1460 4279 01.

157 4318 241 4368 ctiam
256 4315 285 4364 P.
304 4313 842 4382 11000000110111011003000000000001.
863 4312 1031 4364 Goseilschalt
1046 4331 1075 4365 ru
1095 4317 1186 4366 Ziirich
1205 4317 1251 4364 Vii
1268 4315 1300 4364 81
1316 4328 1355 4375 sq.
1375 4311 1462 4362 addito

155 4402 312 4467 scripturae
330 4400 470 4464 specimIne
488 4399 539 4452 tab.
560 4399 596 4449 111
615 4415 640 4450 0.
658 4403 675 4451 2
763 4399 798 4451 04
817 4397 874 4457 libri
894 4397 966 4448 Xiiii
985 4403 1140 4470 subscriptio
1159 4402 1232 4451 deest
1317 4397 1462 4449 00101100

153 4487 220 4540 libri
240 4484 268 4533 V
285 4485 384 4550 pagina
402 4486 874 4554 010101000001000001,ρ.88001.
896 4487 912 4534 b
936 4495 960 4535 et
977 4503 1002 4552 p·
1021 4490 1056 4541 80
1078 4490 1126 4541 001.
1153 4503 1169 4537 a
1192 4485 1332 4537 continens.
1360 4486 1385 4533 in
1411 4486 1463 4534 lma

149 4575 279 4644 paginae
297 4569 334 4620 88
351 4569 399 4619 001.
418 4586 434 4620 a
452 4579 476 4620 et
493 4587 520 4637 p.
536 4571 571 4622 89
589 4573 637 4622 001.
658 4572 674 4622 b
689 4572 784 4640 legitur
802 4573 946 4622 encomium
960 4571 1073 4624 liuntarii
1091 4572 1217 4638 episcopi.
1239 4570 1264 4617 10
1283 4570 1334 4619 ima
1351 4585 1411 4636 pag.
1427 4569 1463 4620 89

147 4660 252 4714 addita
272 4665 314 4707 cst
332 4653 378 4704 illa
394 4664 465 4716 nota,
490 4672 569 4719 quae,
593 4674 651 4709 cum
674 4675 700 4724 p.
719 4658 755 4710 90
779 4660 810 4708 ab
837 4660 892 4724 ipso
917 4657 961 4707 lib.
986 4658 1021 4708 Vi
1042 4657 1198 4725 praelatione
1217 4655 1336 4719 incipiat,
1361 4666 1388 4703 ut
1413 4655 1463 4720 ipsi

145 4744 292 4802 Prisciani
312 4741 396 4790 textui
411 4741 473 4791 nibil
491 4743 570 4803 desit,
598 4744 662 4794 mihi
684 4744 784 4795 videtur
802 4746 930 4809 indicare,
955 4745 981 4793 10
1004 4751 1076 4810 porte
1095 4740 1149 4791 lolii
1166 4743 1262 4792 amissa
1279 4740 1343 4790 illud
1354 4736 1462 4788 addita·

143 4844 279 4887 mentum
298 4840 333 4876 ex
353 4825 404 4875 atio
422 4828 530 4889 quodam
550 4827 615 4879 libro
634 4829 760 4880 adiectum
778 4830 860 4882 luisse
