3322 5484
248 352 265 394 x
793 327 999 388 PRAEFATIO

247 517 429 595 Maurus,
458 513 514 598 qni
543 510 677 575 Alcuini
705 509 783 576 olim
805 509 1185 597 disciplina'Turonensi
1208 532 1288 575 usus
1304 513 1328 548 ³³
1350 514 1433 577 tanti
1454 513 1543 578 Pris-

246 621 376 685 cianum
404 614 498 695 fecit,
535 623 571 676 ut
596 636 638 676 ex
663 636 700 677 eo
721 614 926 699 potissimum
952 616 1028 677 s'uoa
1053 612 1094 677 de
1115 621 1185 675 arte
1206 617 1421 696 grammatica
1440 611 1541 680 libros

248 720 330 785 duos
353 723 560 800 excerperet,
588 713 706 800 quibus
727 716 762 777 in
783 713 925 777 editione
951 736 1085 801 operum
1106 713 1256 778 Hrabani
1277 713 1466 781 Coloniensi
1489 715 1542 779 vel

247 820 362 885 titulus
389 815 596 904 praefigitur:
630 816 816 901 ‘excerptio
843 814 992 880 Hrabani
1020 816 1128 879 Mauri
1165 813 1205 878 de
1232 824 1302 879 arte
1328 819 1542 901 grammatica

247 921 465 986 Prisciani’³⁰.
509 916 597 981 baud
618 918 720 1002 igitur
741 918 868 994 mirum,
888 917 976 1003 quod
992 900 1185 1001 diligentem
1203 916 1279 980 buic
1298 919 1447 1004 scriptori
1469 939 1542 1004 ope-

249 1045 318 1087 ram
343 1018 501 1107 impendit
524 1013 725 1083 Servatus
753 1017 906 1104 Lupus,
935 1017 1040 1083 abbas
1069 1018 1292 1082 Ferrariensis
1319 1018 1435 1103 (natus
1457 1021 1544 1084 cirea

249 1145 371 1188 annum
394 1124 466 1203 805,
491 1121 594 1199 'quon
616 1118 718 1185 multo
737 1129 812 1206 post
833 1141 955 1183 annum
977 1119 1053 1204 862)
1067 1121 1100 1200 ³⁷,
1124 1119 1180 1205 qui
1203 1129 1239 1183 ut
1261 1140 1281 1182 a
1302 1119 1459 1185 Hrabano
1473 1143 1542 1185 cru-

244 1227 386 1305 diretur,
408 1221 535 1285 Fuldae
559 1221 635 1285 olim
652 1231 868 1286 commoratus
882 1230 961 1286 erat.
998 1242 1094 1307 quem
1117 1219 1265 1283 doctrina
1281 1220 1471 1286 Priscianea
1488 1246 1542 1309 pc-

246 1329 335 1392 nitus
349 1324 509 1390 imbutum
525 1323 628 1387 fuisse
643 1322 869 1388 demonstrant
884 1325 956 1388 eius
974 1320 1135 1409 epistulae
1155 1320 1197 1384 ad
1208 1321 1436 1412 Adalgardum
1452 1334 1484 1388 et
1500 1325 1542 1389 ad

246 1417 419 1494 Altuinum
440 1423 636 1489 monachum
659 1424 756 1490 datae
765 1426 799 1506 ³⁸,
822 1424 942 1511 quibus
965 1424 1009 1488 ad
1030 1424 1238 1509 quaestiones
1258 1426 1487 1508 grammaticas
1509 1435 1543 1490 et

243 1529 453 1619 prosodiacas
464 1524 505 1590 ab
517 1526 701 1611 amieisipsi
714 1527 898 1613 propositas
904 1524 1066 1589 Prisciani
1077 1527 1271 1590 auctoritate
1278 1525 1388 1591 ubivis
1402 1526 1471 1591 fere
1482 1526 1538 1590 ad·

246 1634 329 1696 scita
340 1638 439 1715 atque
453 1629 534 1714 ipsis
547 1629 617 1691 eius
627 1627 738 1691 verbis
750 1626 859 1691 allatis
871 1624 1057 1712 respondet.
1078 1624 1174 1690 facile
1188 1629 1288 1713 igitur
1299 1627 1493 1714 fieripotuit,
1505 1636 1542 1691 ut

243 1734 325 1818 ipse,
340 1730 389 1794 rei
404 1728 637 1811 grammaticae
655 1735 688 1790 et
702 1726 868 1790 studiosus
881 1736 913 1790 et
923 1727 1009 1802 satis
1020 1727 1145 1810 peritus
1164 1729 1243 1791 etin
1261 1727 1399 1793 aliorum
1412 1750 1540 1815 quoque

244 1830 530 1918 grammaticorum
546 1826 700 1912 operibus
716 1836 867 1890 versatus
877 1829 910 1908 ³⁹,
935 1827 1104 1890 contextui
1127 1828 1197 1892 eius
1221 1851 1352 1916 operam
1371 1837 1517 1894 navaret.

328 1929 428 1994 Hunc
459 1929 561 2013 igitur
592 1927 723 2013 Lupum
751 1926 893 1991 arbitror
920 1926 1086 2010 designari
1115 1926 1157 1990 ab
1185 1939 1337 1994 accurato
1370 1932 1403 2011 1)
1425 1929 1539 1994 codi-

243 2036 308 2098 cis
336 2027 621 2096 bibliothecae
652 2026 740 2115 imp.
764 2028 982 2092 Parisinae
1004 2031 1104 2092 7496
1131 2028 1218 2114 (B),
1251 2031 1307 2114 qui
1340 2032 1470 2116 etipse
1498 2031 1541 2095 ad

243 2132 410 2201 saeculum
430 2150 551 2194 nonum
574 2128 729 2215 pertinet,
763 2128 970 2214 emendatore
989 2129 1120 2215 aequali
1141 2128 1197 2213 (r)
1219 2127 1262 2191 ad
1289 2128 1345 2194 lib.
1372 2130 1420 2192 VI
1442 2137 1462 2211 ξ
1486 2137 1537 2196 77.

242 2239 300 2324 qui
332 2256 405 2298 cum
430 2252 588 2319 persaepe
615 2228 724 2292 deleat
750 2229 949 2314 glossemata
978 2233 1044 2295 iam
1072 2239 1140 2294 tum
1168 2230 1254 2293 inter
1280 2231 1353 2316 ipsa
1374 2232 1536 2298 Prisciani

242 2338 344 2405 verba
381 2334 487 2415 illata,
525 2329 605 2394 alibi
638 2331 737 2393 etiam
765 2330 994 2415 interlineas,
1020 2331 1189 2417 ‘magistri
1219 2329 1329 2415 glosa'
1346 2334 1379 2414 ⁴⁰,
1408 2339 1536 2399 ‘vetere

241 2441 352 2527 glosa’
365 2437 386 2474 ⁴¹
410 2456 507 2514 usus,
537 2433 826 2517 interpretamenta
845 2433 954 2516 addit,
983 2434 1087 2500 veluti
1111 2434 1132 2497 l.
1155 2445 1405 2500 commemorato
1427 2437 1537 2501 verbis

243 2555 423 2645 ‘quomodo
445 2553 568 2637 figuras
591 2559 624 2612 et
645 2549 787 2614 colores’
810 2553 1040 2637 superscribit:
1070 2552 1175 2616 ‘ideas
1198 2566 1217 2615 “t
1242 2550 1363 2617 formas
1383 2540 1406 2640 q
1427 2555 1538 2641 inpru-

242 2675 354 2740 dentia
378 2681 486 2737 mente
516 2670 631 2733 diuina
657 2657 772 2734 cstiter
790 2658 872 2758 quar
892 2672 997 2734 instar
1010 2690 1147 2758 corpora
1160 2668 1391 2735 firmarentur’.
1421 2673 1535 2737 eadem

242 2787 353 2841 tamen
374 2775 527 2859 deinceps
554 2768 683 2834 lineolis
707 2769 877 2834 subductis
900 2780 1006 2854 notat,
1027 2771 1172 2836 addens:
1197 2771 1274 2835 ‘sed
1296 2770 1393 2858 lupus
1417 2773 1456 2837 de
1479 2797 1537 2839 suo

242 2880 304 2943 ista
337 2874 464 2961 glosam
492 2873 643 2939 deleuit’.
698 2872 778 2934 satis
806 2873 978 2956 igiturest
1000 2871 1172 2955 credibile,
1202 2873 1245 2937 ad
1272 2875 1379 2959 ipsum
1407 2873 1537 2959 Lupum

243 2977 441 3068 pertinuisse
465 2974 575 3055 illum,
602 2995 698 3058 quem
721 2972 851 3058 saepius
873 2973 928 3037 bic
947 2971 1136 3038 emendator
1154 2975 1292 3054 excitat,
1323 2971 1441 3038 librum
1464 2983 1537 3039 ‘ve-

241 3076 427 3143 tustum'⁴².
478 3076 549 3163 ipse
569 3077 646 3137 vero
669 3072 723 3136 ille
746 3071 866 3154 codex,
891 3070 1172 3154 membranaceus,
1200 3073 1325 3138 formae
1347 3075 1537 3160 quadratae,

243 3179 396 3242 foliorum
418 3178 489 3256 249,
512 3184 585 3261 post
600 3173 762 3237 Prisciani
784 3173 864 3236 artis
884 3171 1117 3258 grammaticae
1137 3170 1239 3239 libros
1254 3171 1374 3237 XVIII
1393 3177 1538 3241 continet

229 3276 390 3349 ‚eiusdem
415 3275 455 3339 de
483 3274 597 3358 figuris
626 3293 851 3354 numerorum,
882 3272 923 3336 de
952 3274 1064 3336 metris
1093 3271 1279 3337 fabularum
1301 3273 1463 3358 Terentii,
1497 3278 1537 3342 de

245 3374 616 3468 praeexercitaminibus
656 3373 825 3437 rhetoricis
866 3373 1010 3455 libellos,
1051 3383 1120 3439 tum
1157 3377 1269 3440 Rufini
1302 3377 1535 3444 Antiochensis

244 3478 401 3567 opuscula
421 3476 566 3558 metrica,
589 3498 719 3540 carmen
737 3473 878 3561 denique
901 3474 942 3538 de
963 3476 1163 3562 ponderibus
1187 3488 1220 3543 ct
1241 3480 1404 3545 mensuris
1426 3473 1537 3560 ἀκέφα-

311 3670 344 3721 35
363 3685 387 3721 ν,
403 3669 603 3716 llunstmaunum
621 3664 754 3713 limbauus
772 3665 932 3731 Magnentius
945 3664 1047 3716 Maurus
1061 3683 1088 3733 p.
1105 3670 1139 3720 36
1150 3685 1207 3733 sqq.
1279 3669 1313 3722 36
1332 3671 1443 3720 Hrnbani
1456 3672 1536 3721 Mauri

242 3769 302 3823 opp.
317 3754 358 3803 ed.
374 3752 403 3803 G.
416 3750 579 3802 colvenerius
595 3747 682 3802 colen.
701 3750 811 3816 Agripp.
829 3761 889 3801 tom.
909 3753 918 3801 1
934 3768 958 3804 a.
978 3752 1043 3803 1627
1055 3753 1099 3803 lol.
1117 3770 1143 3819 p.
1157 3753 1200 3808 28.
1220 3754 1380 3818 PrIscianeis,
1399 3773 1432 3806 ex
1445 3759 1537 3820 quibus

244 3841 297 3892 iere
317 3839 378 3889 solis
398 3838 462 3887 liber
478 3837 548 3902 prior
565 3837 721 3901 compositus
740 3843 786 3898 est,
805 3838 903 3903 passim
923 3838 957 3887 ibi
976 3839 1093 3889 immixta
1109 3841 1272 3890 inveniuntur
1284 3840 1344 3893 alia.
1365 3842 1422 3890 libri
1433 3841 1537 3891 alterius

243 3935 321 3995 caput
334 3926 443 3992 primum
462 3924 506 3973 ‘de
518 3926 543 3972 vi
559 3939 588 3972 ac
600 3922 671 3973 varia
682 3929 806 3987 potestate
825 3929 973 3974 metrorum’
993 3926 1025 3974 ad
1045 3927 1149 3977 verbnm
1169 3943 1201 3976 ex
1213 3926 1344 3978 Diomedis
1362 3927 1427 3976 libro
1442 3929 1476 3977 111
1493 3929 1537 3977 dc-

243 4020 372 4080 sumptum
396 4019 435 4060 est
459 4011 552 4061 inserto
576 4009 718 4075 fragmento
738 4007 891 4061 Suetoniuno
917 4025 948 4058 ex
969 4011 1029 4063 lsid.
1055 4013 1138 4078 origg.
1159 4013 1219 4062 Vlll
1243 4014 1273 4073 7,
1293 4015 1315 4062 1.
1335 4014 1352 4063 2
1370 4015 1458 4078 petito.
1496 4031 1536 4064 sc-

243 4106 353 4164 qnnntur
371 4096 464 4146 deinde
481 4096 584 4162 glossae
601 4095 736 4144 verborum
755 4096 779 4144 in
798 4095 924 4145 Donatum
940 4099 1061 4148 malorem
1080 4105 1129 4150 ete.
1217 4097 1250 4148 37
1270 4116 1293 4149 v.
1313 4100 1373 4150 hist.
1395 4100 1442 4152 litt.
1462 4101 1494 4151 de
1511 4099 1535 4150 la

243 4187 338 4235 France
358 4185 448 4235 vata
463 4199 520 4246 sqq.
607 4181 640 4233 38
665 4197 706 4247 ep.
727 4182 785 4230 v111
801 4189 825 4231 et
845 4198 885 4249 ep.
904 4183 1015 4234 XXXIV
1034 4186 1058 4233 iu
1078 4184 1106 4233 B.
1127 4183 1227 4234 Servati
1244 4184 1308 4250 Lupi
1326 4200 1386 4252 opp.
1408 4187 1439 4236 cd
1459 4187 1536 4237 Balo-

242 4272 297 4320 zius
314 4287 339 4336 p.
358 4269 392 4320 26
410 4284 467 4331 sqq.
492 4267 526 4319 00
543 4283 600 4330 sqq.
626 4266 666 4320 cd.
692 4267 736 4318 alt.
765 4269 929 4333 Antwerpiae
950 4269 1025 4320 1710.
1063 4270 1150 4321 laudat
1167 4271 1254 4336 Lupus
1273 4272 1431 4322 Priscianum
1451 4273 1491 4322 vel
1511 4277 1536 4322 iu

242 4369 320 4420 opere
335 4355 444 4420 quodam
460 4352 612 4418 theologico,
632 4353 787 4405 collectaneo
806 4354 838 4404 de
857 4357 937 4406 tribus
956 4357 1157 4419 quaestionibus,
1173 4357 1191 4406 l.
1207 4355 1224 4404 l.
1243 4372 1270 4420 p.
1282 4355 1334 4408 235
1404 4358 1437 4410 39
1456 4360 1534 4411 veluti

244 4437 353 4504 Captum
372 4442 445 4492 affert
464 4459 505 4509 ep.
517 4439 566 4490 XX
584 4455 610 4504 p.
630 4440 673 4500 sl,
689 4440 814 4491 Donatum
833 4457 874 4506 ep.
893 4444 955 4508 Vp.
973 4445 1022 4505 tu,
1046 4442 1137 4493 Donati
1156 4445 1182 4491 iu
1201 4442 1346 4492 Terentium
1366 4455 1535 4496 commentum

243 4524 323 4572 Roma
342 4540 357 4571 a
375 4525 510 4578 Benedicta
529 4541 599 4592 papa
615 4528 711 4592 expetit
731 4543 771 4592 ep.
793 4527 845 4578 Clll
864 4546 889 4594 p.
912 4529 961 4580 155
981 4536 1027 4578 etc.
1112 4530 1145 4582 40
1164 4546 1188 4580 v.
1210 4529 1255 4582 lib.
1275 4528 1345 4578 Xllll
1370 4531 1421 4592 §2
1500 4534 1532 4582 41

242 4609 330 4659 sicud
349 4614 458 4676 ‘cuspis'
478 4613 521 4665 llb.
541 4614 576 4661 Vl
594 4614 611 4675 3
630 4611 664 4663 60
683 4613 743 4667 add.
762 4620 852 4662 ‘uetus
871 4614 945 4680 glosa
961 4616 1094 4665 summitas
1110 4615 1226 4664 lanceae‘
1301 4617 1335 4666 tt
1354 4616 1388 4668 cl.
1409 4616 1452 4666 lib.
1474 4617 1533 4667 Xlll
1576 4613 1581 4623 '

243 4697 259 4759 s
279 4693 461 4747 sexuum.
482 4697 525 4748 37.
552 4698 648 4747 ‘alter’
667 4709 878 4749 commemoratur
897 4699 941 4750 lib.
960 4702 970 4749 1
988 4704 1004 4765 s
1021 4701 1069 4764 50,
1088 4699 1236 4765 plerumque
1254 4716 1306 4751 var.
1329 4702 1384 4752 leet.
1404 4720 1419 4751 r
1438 4703 1534 4753 iudicat

242 4806 301 4849 nota
320 4797 385 4848 ‘Al’
405 4797 444 4848 vel
465 4777 595 4870 ‘Mum-B
622 4798 747 4850 interdum
766 4801 841 4850 etiam
859 4807 945 4853 nota.
971 4816 997 4855 v.
1017 4803 1061 4857 lib.
1082 4803 1105 4852 X
1128 4803 1203 4867 828.
1221 4804 1255 4857 38
1273 4803 1345 4855 xta
