3322 5484
206 333 282 387 11141
639 395 644 400 ¹
756 308 966 373 PRAEFATIO

207 518 311 562 annos
335 504 546 581 procuratae,
574 494 753 580 4141111144
774 492 974 557 Benedictus
997 492 1185 575 Brugnolus
1210 491 1355 579 aliquam
1378 513 1535 578 operam.

208 599 245 662 in
264 595 477 661 emendandis
496 594 761 659 institutionibus
777 595 926 682 posuisse
948 593 1115 676 videatur,
1138 595 1194 679 qui
1209 615 1340 658 rursum
1360 592 1512 660 Venetiis

207 720 238 763 4.
270 698 408 761 148514
436 695 492 760 141.
520 695 685 760 Prisciani
713 717 812 782 opera
832 694 937 759 edidit
965 695 1145 780 eademque
1167 693 1280 760 addito
1304 694 1439 760 Ioannis
1470 695 1511 761 de

138 794 143 801 ’
208 799 335 884 Α14314
364 797 595 862 commentario
620 803 759 862 ‘summo
785 796 893 861 studio
922 805 955 859 et
983 797 1110 881 ingenti
1139 817 1218 860 4414
1244 796 1432 863 emendavit
1459 821 1509 862 re·

207 901 441 987 cognovitquc'
455 921 485 964 a.
511 900 604 963 1488.
649 920 692 962 ex
714 898 776 962 hac
797 897 849 962 41.
870 905 909 959 44
927 919 1085 984 expressa
1108 896 1245 981 dicitur,
1268 919 1334 983 qua
1356 900 1509 974 4111411ιί

206 1001 317 1083 114411,
339 1003 373 1084 3)
397 999 554 1065 Veneta
573 1022 603 1063 a.
622 999 793 1064 1492141.
817 999 914 1084 (3141
935 1000 1146 1085 insequentes
1168 998 1361 1064 nonnullae:
1385 999 1420 1064 in
1439 1003 1510 1066 uni-

206 1123 337 1168 versum
352 1100 433 1166 haec
455 1103 544 1167 haud
563 1102 660 1187 14434
681 1100 723 1164 ab
745 1100 985 1185 antiquioribus
1002 1099 1140 1164 Venetis
1162 1099 1296 1183 recedit,
1318 1099 1385 1164 4114
1403 1124 1510 1168 44144-

98 1249 113 1267 .
207 1203 301 1286 data,
324 1201 390 1267 alia
409 1204 635 1289 pessumdata,
662 1202 790 1266 Graeca
804 1202 927 1287 passim
946 1202 1065 1266 iterum
1085 1203 1207 1266 omissa
1226 1211 1312 1265 sunt.

294 1305 382 1385 Quid
402 1306 603 1392 praestiterit
620 1302 739 1368 deinde
759 1301 809 1365 41.
831 1301 1092 1367 Mediolanensis
1115 1325 1144 1366 a.
1170 1305 1250 1367 1503
1272 1303 1423 1390 equidem
1436 1327 1510 1369 nes·

207 1408 267 1471 cio.
292 1405 439 1471 Venetae
463 1430 541 1473 vero
562 1428 591 1471 a.
611 1406 691 1469 1509
712 1403 891 1467 secundum
909 1425 957 1480 ea,
978 1426 1062 1490 quae
1085 1401 1125 1465 de
1145 1401 1208 1465 hac
1229 1401 1372 1469 editione
1391 1428 1509 1471 memo-

205 1510 274 1573 riae
296 1507 420 1573 tradita
446 1515 539 1589 sunt,
571 1508 651 1594 quin
675 1503 806 1569 fidelem
829 1505 1006 1590 imaginem
1027 1503 1143 1568 reddat
1166 1503 1200 1590 4)
1218 1502 1508 1572 Μ411414444-

209 1611 268 1674 414
290 1633 320 1673 4.
343 1613 438 1674 1511
465 1607 521 1673 141.
543 1609 611 1694 (μ),
640 1630 706 1672 444
729 1605 854 1670 dubito.
899 1614 997 1692 atquc
1020 1605 1135 1670 harum
1155 1626 1284 1692 quoquc
1307 1607 1381 1671 cdd.
1403 1629 1424 1671 a
1443 1608 1512 1673 Da-

206 1712 291 1777 niele
307 1712 468 1777 Caietano
485 1711 699 1776 Cremonensi
715 1720 962 1798 proeuratarum
981 1707 1067 1772 tituli
1090 1707 1241 1772 omnibus
1264 1712 1510 1776 accuratissime

206 1815 388 1878 emendatis
409 1810 607 1897 gloriantur,
637 1812 817 1877 modestius
839 1811 1004 1885 tamenin
1026 1807 1168 1897 epistula
1187 1808 1231 1873 ad
1252 1808 1420 1901 ι44114414
1437 1812 1507 1877 Μο-

207 1915 356 1980 44414414
378 1913 552 2001 4411141441
572 1910 733 1978 Venetum
757 1915 835 1978 data
854 1911 1031 1976 Caietanus
1049 1919 1125 1997 ‘ego
1146 1921 1236 1979 vero'
1254 1913 1361 2000 inquit
1379 1912 1454 1978 ‘hoc
1468 1915 1509 1979 de

119 2055 130 2072 ,
206 2039 257 2080 me
281 2014 444 2080 duntaxat
464 2013 613 2101 polliceri
639 2037 773 2100 possum
794 2015 866 2080 loca
890 2035 1094 2101 graecaque
1116 2013 1226 2078 minus
1247 2011 1413 2079 intellecta
1435 2037 1509 2081 esse

205 2139 404 2205 perspexero
426 2138 484 2204 pro
514 2137 587 2179 mea
611 2117 760 2202 portione
787 2116 929 2181 enodare
951 2116 1116 2181 conabor!
1147 2124 1180 2180 et
1206 2114 1365 2181 nonnulla
1390 2139 1508 2184 revera

205 2219 294 2285 haud
313 2219 462 2304 imperite
479 2226 625 2282 correcta
648 2218 809 2282 invenies.

291 2319 369 2386 Alia
391 2317 479 2383 haud
497 2340 604 2405 pauca
624 2320 777 2383 4444144
795 2318 890 2384 libris
911 2318 1099 2383 emendavit
1118 2322 1152 2395 5)
1171 2317 1199 2380 Ρ
1206 2316 1434 2387 4114144414
1457 2325 1509 2411 (11)

205 2423 339 2487 ‘maiore
366 2421 574 2485 accuratione
607 2422 648 2484 in
674 2419 820 2484 edibus
847 2420 1214 2508 Α4444414414ΙΑ1
1243 2420 1317 2485 1144
1339 2422 1506 2509 Septemb.
1541 2445 1542 2448 ’

204 2521 406 2589 M.D.XVI'
428 2521 498 2607 (fol.
515 2520 696 2604 CXLIXv)
711 2525 837 2587 monitu
850 2521 942 2586 Petri
958 2522 1090 2587 Rosseti
1106 2523 1267 2608 impressa
1284 2525 1318 2588 in
1341 2523 1397 2590 141.
1411 2529 1507 2593 min:

206 2626 337 2691 omnino
364 2633 474 2715 tamen
499 2646 539 2687 ne
570 2622 652 2687 haec
671 2623 803 2711 quidem
831 2632 965 2688 atextu
995 2646 1034 2688 eo
1061 2646 1163 2710 usque
1181 2633 1313 2711 recepto
1339 2625 1437 2713 longe
1458 2652 1508 2694 re·

204 2725 301 2792 cedit.

290 2825 360 2890 Nec
382 2825 618 2914 Neapolitanae
641 2826 793 2892 editionis
813 2850 843 2891 a.
870 2829 950 2891 1520
971 2849 1032 2890 nec
1054 2825 1263 2890 Florentinac
1286 2850 1345 2914 per
1368 2827 1507 2896 heredes

204 2928 289 2995 Phil.
306 2927 426 2992 Iuntae
445 2952 476 2992 a.
501 2931 581 2992 1525
605 2930 640 2994 14
659 2934 678 2992 4
701 2930 881 3016 impressae
897 2950 976 2992 usus
991 2926 1072 2991 141111
1095 2949 1271 2992 444444444
1288 2928 1360 2994 1411.
1398 2933 1433 2995 14
1445 2931 1508 2998 hac

205 3031 385 3095 secundum
425 3031 568 3096 indicem
601 3031 728 3095 ‘omnia
759 3031 901 3115 primum
937 3031 1006 3094 acri
1036 3029 1158 3094 indicio
1187 3027 1315 3094 Nicolai
1346 3031 1504 3123 [Angelii]

204 3132 399 3196 Bucinensis
429 3133 591 3217 castigata
613 3153 691 3196 mox
713 3130 755 3195 ab
777 3131 923 3196 Antonio
946 3131 1109 3196 Francino
1134 3129 1358 3220 [Varchiensil
1385 3135 1505 3199 iterum

204 3233 375 3317 recognita
395 3254 470 3295 cum
490 3234 697 3298 restitutione
718 3232 799 3297 locis
819 3235 887 3298 suis
909 3256 1101 3320 graecarum
1124 3233 1318 3314 dictionum,
1343 3256 1428 3319 quae
1448 3258 1506 3300 an-

203 3332 484 3420 tchacnunquam
506 3355 649 3399 excusae
668 3333 801 3398 1441441
822 3356 909 3399 nunc
929 3337 1070 3422 primum
1099 3335 1133 3398 in
1155 3333 1262 3399 lucem
1280 3336 1370 3400 edita
1390 3337 1505 3404 addito

202 3433 311 3498 indice
334 3435 478 3520 copioso’
494 3438 528 3500 ⁹⁸.

272 3606 306 3656 98
325 3605 358 3656 41.
375 3606 494 3658 Baudinii
513 3609 640 3660 lautorum
656 3611 811 3678 1444314411.
830 3610 935 3661 4444144
953 3610 1037 3661 Lucae
1057 3609 1121 3662 1791
1142 3611 1164 3659 ll
1185 3610 1235 3662 199
1253 3587 1327 3677 squ}
1347 3629 1379 3662 ex
1400 3613 1507 3665 Antonii

202 3690 368 3742 Varchiensis
387 3694 420 3742 ed
438 3695 569 3747 studiosos
592 3698 702 3763 epistula
725 3699 830 3748 editioni
852 3691 997 3764 praeniissa
1021 3703 1074 3764 (ap.
1095 3699 1248 3749 Bandinium
1267 3700 1285 3751 1.
1302 3699 1319 3748 l.
1337 3715 1364 3764 4.
1384 3701 1434 3751 201
1449 3701 1505 3766 sq.)

202 3778 298 3842 elucet,
331 3778 463 3830 Nicolaum
483 3782 618 3848 angelium
646 3784 707 3834 olim
730 3785 854 3834 Prisciani
877 3784 1100 3851 praeceptionibus
1126 3783 1286 3852 castigandis
1310 3796 1413 3836 auctore
1442 3788 1504 3838 Ber·

201 3865 281 3916 nardo
301 3867 371 3915 14414
390 3880 495 3931 operam
514 3883 630 3933 navasse,
650 3870 745 3921 Gracco
761 3879 844 3921 1414411
863 3872 948 3920 441414
971 3879 995 3919 41
1012 3871 1103 3919 Latina
1121 3871 1244 3921 44444114
1262 3874 1381 3923 4411414114
1396 3880 1503 3926 ‘exem-

200 3952 355 4018 plariorum’
374 3961 401 4001 ut
419 3953 521 4004 videtur
534 3956 643 4004 Antonio
661 3955 799 4020 (4444114.
838 3955 863 4005 11
882 3971 939 4024 cum
958 3955 1179 4007 animadvertisset
1196 3958 1277 4018 14414,
1297 3964 1411 4027 ‘paratis
1429 3970 1503 4026 quot-

201 4048 262 4102 quot
280 4040 375 4090 habere
400 4041 481 4104 potuit
499 4041 700 4106 exemplaribus,
724 4046 778 4091 1414
799 4040 922 4093 hacteuus
941 4043 1058 4092 excusis’
1078 4044 1129 4108 ipsi
1149 4045 1260 4095 Antonio
1279 4061 1323 4096 cas
1339 4048 1411 4098 dedit
1432 4065 1523 4102 1444,

202 4126 371 4191 gnoscendes.
408 4131 471 4175 ‘uos
489 4131 578 4192 ergo’,
598 4129 683 4195 pergit
702 4128 745 4177 ille
767 4128 880 4177 ‘collatis
899 4143 968 4177 14414
992 4130 1120 4178 nostruin
1144 4146 1221 4180 44441
1246 4131 1287 4181 1114
1312 4134 1503 4200 exemplaribus

199 4212 370 4276 perlectisque
392 4210 477 4261 multis
501 4221 526 4261 ot
544 4215 645 4278 3144414
670 4223 695 4265 41
720 4215 806 4265 latinis
831 4215 1022 4279 exemplaribus
1050 4230 1157 4279 quornm
1186 4218 1331 4269 testimonio
1353 4220 1501 4271 Priscianus

199 4297 277 4346 utitur
294 4298 327 4348 ad
345 4288 483 4364 praecepta
501 4313 548 4349 sua
567 4301 759 4365 comprobanda
777 4303 803 4351 iu
818 4301 891 4350 libris
905 4299 937 4350 de
953 4309 1009 4351 octo
1024 4303 1137 4367 partibus
1151 4305 1283 4366 orationis,
1303 4307 1499 4374 quamplurima,

200 4382 332 4434 44114441
351 4387 450 4450 441414,
473 4395 526 4437 tum
544 4400 637 4451 graeca
655 4396 708 4438 tum
728 4388 805 4437 141144
824 4387 849 4436 14
869 4387 1003 4451 4114114414
1022 4389 1191 4455 integritatem
1215 4394 1389 4458 restituimus,
1420 4394 1499 4446 libros

200 4468 310 4517 141414
330 4469 530 4534 04441111411444,
550 4489 614 4536 quos
632 4474 730 4524 librarii
749 4474 801 4524 iere
820 4488 919 4533 omues,
938 4489 1075 4538 omnesque
1092 4492 1243 4540 excusores,
1262 4480 1349 4530 nescio
1368 4494 1419 4543 que
1436 4496 1498 4531 con·

199 4553 308 4613 iectura,
338 4557 378 4606 141
397 4561 480 4622 potins
499 4575 583 4611 errore
601 4560 725 4612 Prisciani
748 4560 880 4611 cuiusdam
898 4561 1004 4610 minoris
1029 4577 1085 4610 esso
1108 4563 1256 4625 voluerunt,
1284 4566 1349 4615 adeo
1371 4567 1499 4627 inversos,

198 4639 318 4704 typisque
336 4649 386 4688 tum
404 4643 480 4694 14414
499 4662 617 4704 excusos,
636 4655 662 4695 ut
681 4663 696 4696 u
715 4646 830 4696 barbaris
848 4645 915 4695 11441
935 4645 1008 4696 144114
1030 4650 1086 4710 quis
1107 4648 1256 4714 1131144441,
1273 4662 1298 4700 41
1317 4654 1348 4702 ob
1367 4654 1393 4704 id
1412 4653 1498 4704 nullus

198 4725 305 4776 antehac
324 4725 408 4790 legere
426 4730 459 4776 sit
477 4746 568 4795 ausus,
593 4734 653 4795 quia
672 4715 763 4782 sensus
782 4731 841 4780 inde
861 4731 946 4782 rudius
965 4734 1112 4794 4114414141,
1136 4733 1170 4784 ad
1189 4750 1244 4785 enm
1264 4737 1374 4788 14141441
1393 4739 1496 4806 141431-

198 4826 269 4876 1444,
299 4811 418 4862 41144114
437 4829 524 4865 441444
542 4818 664 4868 11444144
683 4819 823 4868 litterarum
847 4819 956 4868 studiosi
979 4829 1029 4870 tam
1055 4834 1217 4885 graecarum,
1248 4839 1324 4888 quam
1349 4824 1496 4887 1411411441,
