3322 5484
263 306 326 370 aaa
756 304 942 369 ruscum
963 304 1058 368 msr.
1114 252 1119 263 ¹

315 436 338 476 p.
352 423 399 464 eae.
414 423 441 463 aa
455 421 479 463 r.
1270 414 1276 423 ·
1323 417 1511 473 pias-aas
1551 448 1554 459 .

264 495 338 556 stola
361 491 521 567 ‘stolatus',
548 493 672 554 aloriea
696 493 868 565 loricatus,
897 511 913 552 a
935 492 1045 572 pictura
1074 489 1271 569 ‘picturatus',
1299 497 1423 551 ascuto
1447 490 1566 551 ‘scuta-

265 601 335 672 tus',
370 594 506 656 atabnla
528 595 711 668 ‘tabulatus',
745 592 842 673 opilo
867 593 1009 672 ‘pilatus',
1039 593 1173 672 agladio
1195 592 1376 671 ‘gladiatus'
1400 625 1414 636 -
1440 610 1478 651 ex
1500 608 1565 669 quo

265 697 429 778 ‘gladiator'
450 743 479 769 -,
508 697 628 758 astella
649 695 815 769 ‘stellatus',
844 696 955 775 apelle
980 694 1133 776 ‘pellitus',
1161 714 1177 755 a
1207 693 1342 755 dentibus
1372 690 1561 774 dealbabis,

264 820 280 860 a
301 797 390 858 barba
415 797 599 872 ‘barbatus',
627 817 644 859 a
671 797 769 878 pluma
792 797 986 877 ‘plumatns',
1015 795 1154 859 abalano
1177 796 1374 868 ‘balanatus’,‘
1393 813 1411 853 a
1439 812 1561 873 gemma

213 911 247 962 92
264 902 462 979 ‘gemmatus',
495 908 626 960 arostro
649 901 827 973 ‘restratus’,
863 899 980 959 alerro
1003 900 1163 959 ‘lematnst
1208 917 1243 959 ex
1271 896 1336 957 aliis
1362 913 1481 976 quoque
1503 916 1585 960 nos

174 996 178 1005 ’
263 1001 390 1062 minibus
410 1000 611 1076 inveniuntur,
632 1002 763 1063 sednon
787 1002 859 1063 adeo
877 1000 983 1074 multa,
1006 1007 1038 1059 ut
1060 1018 1076 1059 a
1095 1000 1200 1061 Cerere
1216 999 1375 1073 ‘cerritus',
1397 1018 1414 1060 a
1437 999 1560 1079 lympha

265 1103 454 1183 ‘lymphatus'
477 1109 506 1162 et
524 1101 751 1183 ‘lymphaticus’.
795 1123 851 1165 nec
877 1105 1069 1181 incongruum
1096 1102 1140 1162 rel
1165 1100 1308 1163 absonum
1334 1100 1404 1161 mibi
1430 1099 1558 1175 iideuu,

264 1225 352 1287 posse
373 1203 460 1264 verba
482 1221 597 1282 quoque
620 1223 654 1264 ex
675 1205 721 1266 bis
743 1205 816 1286 ipsis
838 1204 874 1265 ad
903 1202 1118 1264 similitudinem
1151 1222 1267 1278 eorum,
1293 1203 1399 1281 quibus
1428 1220 1482 1263 usa
1511 1210 1558 1263 est

264 1305 436 1376 aarctoritas,
467 1306 606 1385 prolerre.
658 1307 726 1384 quid
753 1306 830 1367 enim
857 1304 992 1385 impedit,
1029 1325 1083 1366 nos
1112 1304 1236 1384 quoque
1255 1304 1362 1383 aliquid
1390 1304 1493 1384 copiae
1520 1306 1557 1366 ad

264 1407 441 1488 opulentiam
464 1407 583 1469 Latinae
607 1409 740 1469 conferre
762 1407 944 1487 eloquentiae
967 1415 996 1467 et
1020 1402 1055 1467 ad
1082 1407 1270 1469 imitationem
1293 1409 1413 1467 ‘armo’
1437 1414 1467 1466 et
1488 1409 1595 1488 ‘ar-,10

263 1529 328 1571 mor
348 1512 488 1570 armatus'
511 1508 608 1569 dicere
627 1510 762 1572 ‘tunice'
786 1517 815 1570 et
835 1510 963 1572 ‘tunicor
985 1509 1154 1584 tunicatus,
1180 1517 1214 1569 ut
1234 1507 1375 1568 ‘roboro’
1397 1516 1425 1568 et
1453 1506 1556 1568 ‘robo-

263 1632 313 1674 ror
341 1611 511 1674 roboratus'
546 1618 576 1670 et
600 1619 631 1671 nt
658 1616 762 1672 ‘aero'
791 1622 820 1672 et
847 1604 951 1672 ‘deror
978 1615 1122 1683 aeratus’,
1154 1610 1251 1670 ‘ferro
1276 1610 1369 1670 lerror
1398 1610 1556 1683 serratus’‚

263 1715 395 1794 ‘plumbo
417 1712 553 1794 plumbor
574 1711 751 1803 plumbatus'
775 1720 804 1774 et
823 1722 856 1773 ut
877 1712 992 1774 ‘restio'
1018 1720 1047 1771 et
1071 1710 1199 1772 ‘vestior
1221 1711 1368 1784 restitus',
1392 1712 1504 1789 ‘logo'
1528 1718 1558 1772 et

264 1822 362 1896 ‘togor
388 1812 545 1894 togatus'?
587 1814 612 1874 si
639 1814 715 1874 enim
743 1813 909 1879 auctoribus
939 1812 1076 1873 timiditas
1098 1812 1273 1886 obstitisset,
1307 1821 1340 1873 ut
1360 1813 1448 1875 nullis
1471 1814 1556 1876 nonis

265 1924 415 1980 uterentur
441 1915 615 1978 dictionibus
634 1915 696 1996 ipsa
722 1923 824 1977 natura
851 1919 882 1977 et
911 1914 1121 1993 significatione
1148 1933 1246 1975 rerum
1269 1915 1415 1993 exigente,
1447 1930 1558 1996 perpe
1571 1932 1594 1972 ιε

265 2019 322 2081 tuis
344 2017 485 2079 Latinitas
505 2017 647 2095 augustiis
669 2017 804 2077 darnnata
826 2017 991 2078 mansisset.

698 2202 747 2263 DE
773 2203 1117 2265 coblvclnonlnvs.

181 2338 259 2390 xvll
277 2340 311 2389 03
355 2320 524 2400 Coniugatio
556 2329 601 2383 est
635 2341 818 2401 consequens
843 2322 996 2383 verborum
1025 2321 1194 2396 declinatio,
1229 2324 1312 2385 euius
1346 2323 1445 2401 regula
1477 2325 1557 2404 apud

266 2425 394 2493 Graecos
415 2416 531 2502 quidem
555 2431 613 2484 tam
635 2424 864 2485 consonantibus
886 2442 972 2503 quam
1001 2424 1147 2497 vocalibus
1176 2425 1440 2506 comprehenditur.
1485 2448 1558 2488 con-

265 2516 436 2588 sonantibus
458 2516 574 2603 quidem
604 2526 700 2587 iubis
722 2526 833 2600 verbis,
866 2544 940 2605 qnae
968 2520 1120 2607 βαρύτονα
1146 2528 1309 2607 appellant,
1343 2529 1399 2589 boc
1421 2538 1554 2591 estante
1567 2550 1596 2591 ao

264 2630 352 2688 linem
371 2626 507 2688 babentia
528 2637 697 2702 accentum,
720 2627 867 2689 vocalibus
887 2646 956 2688 vero
978 2628 1007 2689 in
1024 2628 1233 2702 circumflexis,
1256 2629 1333 2709 apud
1356 2649 1410 2691 nos
1434 2651 1501 2691 vero
1526 2633 1555 2694 in

264 2730 334 2792 solis
363 2730 509 2791 vocalibus
538 2731 684 2791 secundae
709 2748 853 2811 personae
880 2729 916 2790 ad
949 2729 1139 2791 imitationem
1174 2730 1434 2793 circumflexorum.
1486 2744 1558 2796 sunt

263 2833 352 2912 igitur
371 2832 589 2912 coniugationes
611 2841 747 2911 quattuor
769 2832 845 2911 apud
868 2830 1003 2906 Latinos,
1030 2851 1096 2895 cum
1118 2834 1194 2912 apud
1217 2835 1343 2896 Graecos
1364 2835 1466 2897 decem
1485 2837 1555 2898 sint

264 2937 453 3015 ‘coniugatio'
475 2942 571 2994 autem
589 2933 756 2994 nominatur
776 2932 820 2991 vel
844 2941 963 3012 propter
983 2934 1152 3012 coniugatus
1179 2945 1390 3010 consonantes,
1428 2938 1485 3001 lroc
1510 2952 1557 3001 est

264 3048 418 3117 cognatm,
451 3055 486 3097 ex
518 3036 624 3114 quibus
652 3034 808 3114 pleraeque
837 3034 914 3113 apud
941 3035 1068 3096 Graecos
1095 3037 1313 3115 coniugationos
1342 3040 1472 3116 regulam
1503 3061 1595 3104 su-aa

263 3150 362 3214 munt,
383 3138 387 3219 l
407 3140 451 3199 vel
476 3138 554 3215 quod
585 3157 641 3198 rina
671 3138 831 3214 eademque
859 3136 970 3197 ratione
998 3137 1198 3199 declinationis
1227 3138 1349 3217 plurima
1374 3142 1555 3221 coniungan-

265 3250 312 3303 tur
330 3241 432 3315 verba,
454 3240 531 3319 quod
553 3239 645 3318 nragis
668 3240 704 3299 ad
728 3238 896 3298 Latinorum
916 3238 1143 3299 nominationem
1165 3241 1261 3319 aptius
1282 3251 1335 3302 est.

348 3343 404 3403 Per
426 3343 557 3403 ordinem
576 3342 664 3420 igitur
684 3340 825 3402 vocalium
848 3339 944 3401 locum
966 3340 1097 3417 singulae
1113 3341 1244 3402 obtinent
1266 3343 1343 3422 apud
1357 3341 1370 3425 ll
1386 3363 1449 3404 nos.
1486 3366 1554 3408 curri

265 3445 342 3506 enirn
366 3444 462 3505 omnia
484 3443 586 3516 verba,
606 3461 681 3521 quae
704 3441 816 3519 aequali
836 3441 934 3521 regula
956 3441 1154 3518 declinantur,
1177 3443 1206 3503 in
1229 3466 1246 3503 o
1270 3445 1313 3504 rel
1336 3446 1364 3507 in
1384 3450 1450 3507 ‘or'
1476 3448 1555 3510 desi·

334 3631 546 3695 lpictoratusB
627 3630 754 3697 ‘lpilatus
773 3629 1041 3694 eoepilotuseorr.B
1117 3631 1347 3683 dabolaoanoG
1421 3634 1556 3685 brostris

897 3709 907 3735 l'
999 3727 1000 3732 ,

265 3750 339 3801 GLK
408 3751 530 3802 (intem.
549 3750 597 3799 GL
666 3749 805 3800 eerrereK
873 3753 966 3801 ceritas
984 3753 1023 3802 Iir
1097 3750 1194 3816 limpha
1210 3753 1338 3804 unctu
1412 3754 1555 3820 7limpl1a-

263 3830 304 3872 tus
321 3820 448 3870 RBDLK
528 3819 690 3884 limphaticus
710 3820 786 3870 Bne
865 3820 1049 3886 dfiproferri
1139 3822 1172 3872 10
1194 3823 1309 3874 conferre
1332 3825 1482 3873 lintiuaeli

263 3889 437 3954 aeloquentine
458 3891 480 3939 I)
551 3889 726 3955 imitationem]
742 3907 760 3956 9
778 3891 947 3942 emitetionem
967 3892 1015 3942 Gli
1084 3890 1165 3957 armo]
1183 3910 1197 3941 r
1215 3909 1284 3943 arum
1304 3895 1326 3943 n
1395 3909 1465 3945 armo
1484 3892 1519 3959 et]
1539 3898 1554 3946 b

263 3961 388 4013 armosB
443 3961 499 4011 tl
519 3966 629 4008 armatus
647 3975 692 4009 om.
711 3960 740 4010 Κ
818 3962 901 4013 tonieo
920 3969 944 4011 et
962 3964 1059 4010 tonicor
1077 3963 1202 4011 tonicatus
1222 3963 1296 4014 GLK
1374 3970 1398 4011 et
1413 3965 1512 4013 tunicor
1530 3975 1555 4015 et

262 4031 427 4081 tunicatusl)
515 4038 539 4079 et
557 4037 584 4078 ut
606 4029 748 4090 Boucn'r
832 4030 925 4080 roboro
945 4042 968 4081 et
986 4033 1091 4082 roburor
1109 4032 1242 4083 roboratus
1262 4034 1308 4082 GL
1394 4034 1426 4084 12
1442 4035 1509 4083 lerro
1530 4046 1554 4085 et

267 4101 345 4150 lerror
362 4101 388 4150 B
477 4098 508 4150 13
534 4098 636 4148 blumbo
654 4098 770 4148 blumbor
788 4100 931 4150 blumbatus
949 4100 978 4149 K
1058 4110 1082 4150 et
1101 4112 1128 4149 ut
1147 4101 1239 4167 vestio]
1258 4121 1273 4151 r
1291 4113 1315 4151 et
1334 4104 1414 4151 uestio
1434 4103 1482 4153 lil)

263 4178 322 4237 togo
339 4180 412 4235 tegor
431 4171 455 4220 L
540 4177 601 4235 togo
620 4177 644 4217 et
662 4177 734 4236 tegor
752 4179 854 4236 togatus
871 4172 969 4222 add.d
1054 4172 1085 4222 14
1103 4173 1233 4223 autoribus
1258 4174 1281 4221 D
1369 4173 1519 4240 obstitisset]
1540 4193 1555 4224 r

263 4242 402 4306 opstitisset
421 4241 444 4291 n
463 4240 607 4290 obstetisset
614 4239 668 4344 tlGL
741 4240 773 4292 16
791 4243 907 4305 angustis
925 4240 954 4289 K
1022 4241 1160 4305 dampnato
1176 4244 1211 4291 rd
1285 4243 1316 4292 17
1336 4244 1424 4308 incipit
1441 4243 1472 4292 de
1492 4261 1554 4294 eon-

175 4372 178 4377 ·
262 4362 393 4426 ingutione
411 4362 435 4410 D
521 4358 616 4425 lssapn
635 4360 674 4409 nr
744 4360 777 4410 19
788 4362 891 4423 quidem
907 4362 987 4412 om.G
1054 4332 1553 4419 enormiorisvinsontionensi-

264 4446 328 4481 roun
345 4432 371 4480 Κ
457 4429 598 4496 appellent]
617 4447 663 4480 om.
681 4431 705 4480 I)
723 4431 851 4480 nocantd
935 4432 984 4482 hoc
1003 4430 1050 4495 est]
1071 4448 1086 4479 r
1107 4432 1134 4482 id
1151 4435 1227 4482 estll
1312 4436 1344 4485 21
1365 4442 1502 4489 accentum,
1523 4440 1553 4487 Et

265 4501 397 4550 uocalibus
416 4502 442 4549 in
461 4499 484 4548 L
502 4509 631 4550 accentum
650 4510 674 4550 et
693 4501 825 4550 uocalibus
844 4501 870 4549 in
889 4501 940 4553 GK
1008 4503 1102 4550 circum
1121 4502 1196 4552 flexis
1213 4503 1241 4551 K
1257 4505 1417 4554 eirennllexis
1436 4505 1483 4554 GL

263 4572 296 4620 2⁶2
315 4572 481 4621 imitationem
499 4587 534 4620 ecc
550 4572 721 4621 emitatiooem
735 4570 1079 4624 coar.Kemitationerrr(1'
1160 4575 1370 4626 eirerrnllexorom
1389 4574 1436 4624 GL
1519 4578 1554 4628 ‘23

263 4688 362 4755 decem]
382 4690 401 4740 d
417 4689 499 4740 decim
514 4691 562 4740 bu
632 4692 666 4741 et
685 4692 828 4740 nominatur
843 4691 903 4745 aad.
922 4708 940 4756 9
1014 4692 1046 4740 25
1066 4651 1186 4754 plenique
1204 4693 1268 4742 1er
1343 4696 1377 4746 211
1394 4696 1434 4744 uel
1453 4697 1515 4750 add,
1537 4700 1556 4747 d

332 4759 487 4823 eodemquae
504 4759 544 4809 ur
621 4761 790 4825 coniugentur
807 4762 832 4809 D
909 4761 943 4811 28
960 4761 1007 4809 Per
1025 4760 1138 4810 ordinem
1158 4788 1190 4797 -
1209 4764 1278 4828 apud
1297 4780 1343 4814 nos
1361 4781 1406 4815 om.
1426 4766 1466 4825 R,
1488 4768 1553 4818 add.

263 4831 290 4879 ni
301 4829 336 4892 f„
352 4831 475 4880 nonenim
490 4832 553 4881 eatis
572 4830 686 4881 dissime
701 4831 806 4888 enotavi,
824 4847 839 4879 r
908 4832 1021 4894 optinent
1040 4830 1140 4880 BDGK
