3322 5484
669 358 877 422 PRAEFATIO
1367 388 1424 430 xm

108 540 167 603 ria
196 560 309 603 eorum
335 540 531 626 antiquitate
557 540 610 607 vel
641 563 662 605 a
681 543 726 607 D.
747 542 953 608 Columbano
981 566 1024 608 ex
1045 546 1208 614 Hibernia
1232 548 1285 613 vel
1313 571 1334 613 a
1356 551 1421 616 Ou-

110 642 233 706 miano
252 663 294 705 ex
315 640 425 706 Scotia
446 641 587 731 aliisque
609 644 716 731 anglis
732 644 903 710 monachis
920 645 1055 712 allatos’
1078 660 1190 715 censet
1202 651 1372 737 Peyronus
1387 657 1420 734 ⁷¹,

111 744 332 831 eiusdemque
354 744 574 810 bibliothecae
597 747 765 833 catalogus
787 745 934 829 saeculo,
963 756 1000 811 ut
1019 748 1200 837 Muratorio
1220 754 1330 818 visum
1359 764 1420 835 est,

62 931 71 942 .
113 844 249 911 decimo
271 845 440 911 confectus
463 848 549 912 inter
571 847 672 915 libros
699 870 721 913 a
739 846 894 933 Dungalo
927 850 1123 936 ‘praecipuo
1144 851 1331 918 Scotorum’
1365 854 1420 921 ob·

113 946 204 1012 latos
221 947 335 1012 laudat
354 947 561 1014 Priscianum
579 951 735 1016 maiorem
757 958 790 1013 et
812 949 894 1013 duos
916 949 1105 1015 Priscianos
1127 953 1269 1019 minores
1284 958 1317 1036 ⁷²,
1338 979 1419 1042 quos

114 1049 297 1135 suspiceris
317 1070 360 1113 ex
381 1049 497 1117 eodem
521 1050 611 1115 fonte
633 1051 748 1117 ductos
770 1051 891 1131 fuisse,
912 1051 966 1114 cui
986 1052 1105 1118 Scotici
1128 1057 1231 1120 nostri
1256 1061 1340 1120 GLK
1358 1060 1420 1121 ori-

114 1151 231 1232 ginem
248 1151 369 1216 debent
383 1155 418 1216 ⁷⁸.
463 1152 519 1217 ubi
538 1162 649 1218 autem
667 1162 701 1218 et
721 1174 742 1217 a
763 1174 828 1239 quo
849 1151 932 1217 baec
951 1155 1099 1219 recensio
1119 1156 1269 1221 confecta
1291 1158 1349 1239 sit,
1373 1156 1421 1221 di·

113 1272 194 1314 cere
215 1276 352 1340 nequeo.
396 1254 432 1317 id
452 1276 553 1319 unum
573 1255 710 1339 addam,
741 1276 783 1318 ne
801 1253 836 1318 id
859 1252 991 1341 quidem
1013 1265 1138 1321 certum
1157 1279 1244 1341 esse,
1278 1281 1355 1323 num
1386 1259 1420 1321 in

116 1351 193 1438 ipsa
214 1352 378 1419 Hibernia
401 1364 472 1421 orta
491 1358 550 1441 sit,
586 1379 660 1422 cum
682 1362 772 1425 natio
801 1359 987 1439 Scotorum,
1020 1342 1175 1445 ‘quibus’
1197 1369 1235 1423 ut
1256 1361 1303 1424 ait
1324 1367 1420 1424 vetus

115 1454 190 1517 vita
218 1454 251 1518 S.
280 1455 370 1521 Galli
382 1459 406 1494 ⁷⁴
433 1459 655 1525 ‘consuetudo
684 1461 917 1547 peregrinandi
938 1461 1004 1522 iam
1025 1459 1102 1524 fere·
1116 1464 1152 1525 in
1173 1468 1322 1524 naturam
1345 1482 1420 1525 con·

117 1576 218 1619 versa
244 1566 323 1640 cst’,
354 1557 502 1642 Italiam,
536 1559 695 1645 Galliam,
722 1562 949 1643 Germaniam,
972 1558 1159 1627 Helvetium
1181 1561 1255 1625 istis
1278 1563 1419 1628 saeculis

115 1660 303 1743 peragrarit
320 1661 462 1749 indeque
481 1662 612 1748 singula
633 1665 833 1728 monasteria
855 1684 875 1726 a
897 1663 1004 1728 Sectis
1025 1663 1148 1749 passim
1171 1661 1307 1727 obsessa
1333 1685 1419 1728 com·

114 1762 240 1824 mercio
262 1763 347 1826 inter
368 1784 403 1826 se
422 1785 487 1827 non
506 1765 672 1829 caruerint
687 1768 720 1828 ⁷⁵.

203 1859 290 1926 Cum
314 1862 357 1927 ad
383 1863 468 1928 hanc
495 1867 719 1931 recensionem
738 1868 834 1953 pauci
860 1875 988 1931 tantum
1011 1887 1053 1929 ex
1080 1865 1218 1952 reliquis
1240 1864 1318 1930 libri
1345 1888 1417 1932 sese

116 1963 304 2051 applicent,
339 1966 486 2052 plerique
514 1964 559 2030 ad
582 1964 719 2032 alteram
745 1953 907 2032 familiarii
928 1971 1108 2056 pertinent,
1145 1988 1229 2053 quae
1252 1966 1417 2032 Theodori

115 2065 288 2153 exemplar
308 2066 439 2131 fidelius
461 2069 609 2154 sequitur
629 2071 786 2156 cuiusque
813 2078 915 2135 testes
944 2068 1216 2157 locupletissimos
1237 2088 1310 2131 esse
1334 2069 1417 2132 vidi·

114 2191 191 2232 mus
212 2167 314 2231 libros
336 2177 465 2234 nostros
492 2174 551 2234 RB
558 2220 568 2253 ,
602 2172 650 2234 ita
678 2179 802 2254 tamen,
836 2180 874 2235 ut
898 2171 956 2236 alii
987 2193 1030 2236 ex
1051 2169 1109 2234 illa
1130 2170 1320 2234 recensione
1342 2170 1417 2256 plus

115 2271 270 2334 minusve
288 2273 322 2333 in
343 2292 439 2334 usum
462 2290 557 2334 suurn
579 2273 817 2354 converterint,
845 2272 903 2336 alii
925 2273 1027 2338 variis
1049 2271 1155 2336 modis
1175 2281 1297 2335 temere
1317 2271 1416 2334 inter-

113 2371 219 2459 polati
247 2372 329 2454 sint,
365 2392 477 2436 omnes
507 2375 725 2459 corruptionis
752 2373 908 2459 deinceps
933 2395 1005 2438 sese
1035 2373 1233 2438 insinuantis
1254 2371 1417 2458 permulta

113 2473 256 2536 offerant
276 2475 428 2560 vestigia.
484 2495 565 2561 quos
584 2496 695 2539 omnes
714 2475 863 2539 conferre
883 2482 915 2537 et
934 2474 1052 2540 inutile
1072 2475 1191 2539 fuisset
1215 2483 1248 2538 et
1274 2475 1416 2560 spatium

113 2578 205 2641 vitae
226 2576 285 2639 uni
300 2574 424 2640 bomini
446 2575 558 2641 datum
581 2575 651 2640 fere
672 2575 881 2640 excessisset.
926 2598 1032 2663 neque
1056 2579 1216 2658 omnium,
1252 2595 1335 2660 quos
1363 2575 1416 2639 vel

113 2678 188 2764 ipse
217 2676 396 2743 evolverim
421 2677 475 2742 vel
502 2677 635 2741 aliunde
666 2677 891 2762 cognoverim,
929 2678 1223 2762 manuscriptorum
1252 2673 1417 2737 Prisciani

114 2779 267 2843 codicum
295 2778 479 2864 catalogum
512 2780 547 2842 in
581 2780 686 2842 lucem
708 2779 805 2842 edere
834 2798 951 2863 operae
978 2778 1118 2864 pretium
1140 2786 1200 2841 cst.
1251 2772 1286 2837 id
1314 2796 1416 2837 unum

114 2879 317 2962 addiderim,
359 2889 490 2966 praetor
527 2879 712 2965 fragmenta
744 2878 1034 2964 Montepessulana
1065 2899 1140 2964 pag.
1180 2874 1231 2938 XI
1271 2874 1416 2969 indicata

113 3004 158 3046 ex
180 2982 222 3045 iis
244 2981 354 3063 libris,
377 3004 458 3068 quos
479 2974 640 3070 inspicere
662 2980 743 3046 mihi
764 3003 830 3046 non
852 2982 1008 3067 contigit,
1029 3001 1109 3068 prae
1131 2977 1249 3043 ceteris
1271 2976 1416 3042 virorum

114 3228 257 3294 conscripti
274 3212 332 3277 cod.
351 3224 386 3276 89
403 3238 429 3290 p.
446 3224 480 3275 26
500 3225 540 3275 ed.
554 3226 660 3293 Peyron.
681 3242 748 3293 pone
766 3227 895 3278 Ciceronis
913 3240 964 3275 orr.
984 3239 1031 3292 pro
1049 3221 1161 3282 Scauro,
1180 3235 1227 3290 pro
1245 3220 1329 3273 Tullio
1346 3228 1371 3270 et
1389 3221 1415 3268 in

115 3314 235 3364 Clodium
255 3312 398 3378 fragmenta
415 3327 474 3361 rum
492 3312 600 3377 Peproni
617 3314 780 3365 adnotatione
805 3329 831 3378 p.
852 3313 901 3365 188
918 3329 974 3376 sqq.
1077 3310 1108 3360 71
1134 3310 1167 3359 de
1189 3309 1344 3358 bibliotheca
1366 3308 1416 3357 Bo·

115 3403 200 3451 biensi
219 3415 312 3450 comm.
331 3401 350 3448 l.
370 3397 387 3450 l.
410 3414 435 3464 p.
455 3400 492 3450 vl
579 3401 613 3451 72
639 3415 664 3449 v.
683 3400 847 3450 Muratorium
868 3398 884 3448 1.
904 3397 921 3447 l.
940 3414 968 3464 p.
986 3395 1036 3447 821
1057 3413 1097 3460 sq.
1120 3395 1179 3445 coll.
1200 3410 1257 3445 ann.
1277 3402 1364 3444 nostra
1381 3393 1416 3446 33

186 3482 383 3549 assumptura
401 3484 503 3535 saeculo
522 3484 546 3534 Χ
562 3487 708 3536 monasterii
727 3485 862 3538 Bohiensis
880 3483 1047 3534 bibliothecae
1065 3482 1167 3532 codices
1187 3481 1310 3531 Prisciani
1333 3478 1414 3529 inisse

115 3573 192 3622 docet
210 3571 342 3636 catalogus
360 3587 439 3638 supra
462 3582 687 3633 commemoratus,
717 3573 775 3635 ubi,
803 3578 830 3620 ut
853 3570 884 3620 de
908 3569 972 3621 solis
996 3569 1076 3622 instit.
1096 3583 1203 3634 gramm.
1222 3566 1294 3616 libris
1313 3565 1412 3628 loquar,

114 3667 218 3724 praeter
238 3658 316 3707 libros
334 3657 443 3724 Dangali
462 3674 488 3723 p.
508 3659 561 3708 820
579 3661 762 3725 consignantur
781 3657 839 3706 librl
856 3655 979 3704 Prisciani
999 3657 1105 3705 minoris
1124 3655 1160 3711 ll;
1189 3655 1213 3702 in
1236 3653 1306 3702 brevi
1332 3653 1363 3701 dc
1383 3652 1415 3700 li-

115 3746 171 3794 bris
188 3743 319 3794 Theodori
333 3745 473 3810 presbyteri
489 3760 516 3810 p.
535 3745 587 3795 822
605 3746 684 3795 Prisc.
704 3745 764 3796 mai.
785 3743 829 3792 lib.
844 3744 864 3804 l,
883 3740 929 3794 lib.
945 3742 955 3790 l
973 3741 1088 3793 Ysidori.
1100 3777 1123 3790 ..
1148 3746 1172 3789 et
1188 3738 1268 3790 Prisc.
1288 3738 1413 3796 minoris3

114 3844 192 3898 porro
218 3829 263 3879 lib.
285 3828 410 3881 Prisciani
432 3832 506 3893 min,
534 3831 559 3880 in
581 3846 632 3894 qno
656 3829 740 3897 Caper
762 3841 786 3881 et
811 3831 953 3895 Agroecins
975 3837 1000 3878 et
1020 3828 1129 3878 Alchoin
1154 3826 1280 3876 habentur
1303 3840 1328 3888 p.
1348 3823 1414 3880 823ς

114 3919 177 3965 item
203 3915 302 3990 ibidem
323 3916 355 3964 de
377 3915 448 3966 libris
472 3916 558 3967 fratris
573 3916 709 3984 Smaragdi
729 3918 773 3968 lib.
789 3916 869 3966 Prisc.
887 3918 948 3967 mai.
969 3916 979 3964 l
1066 3917 1100 3965 rt
1126 3928 1168 3978 ap.
1189 3912 1317 3962 Pertzinm
1343 3924 1412 3961 mon.

115 4001 201 4052 Germ.
219 4000 281 4050 hist.
300 4002 321 4050 ll
338 4000 373 4052 :to
399 4002 433 4052 cl.
457 4006 532 4054 ettam
551 4004 670 4055 monachi
690 4019 764 4055 anon.
784 4004 918 4070 Ratispon.
938 4003 1006 4052 ritae
1023 3999 1130 4050 Mariani
1149 3998 1218 4050 Secti
1242 3997 1310 4063 (act.
1329 4003 1412 4047 sanct.

115 4088 189 4140 Febr.
212 4088 236 4138 ll
252 4103 282 4153 p.
299 4086 351 4139 365
364 4086 434 4152 sqq.)
451 4099 528 4156 capnt
547 4091 694 4141 l‘Hiberui
711 4091 744 4140 ad
761 4090 838 4141 fldem
857 4090 974 4140 conversi
992 4103 1047 4137 earn
1065 4086 1127 4136 alibi
1144 4084 1321 4151 praedicant’,
1341 4082 1414 4130 ruins

115 4183 231 4224 extrema
248 4174 328 4224 verba
346 4185 404 4224 suut
422 4175 499 4226 haec:
525 4183 676 4242 ‘postquam
695 4178 788 4227 ardens
806 4178 909 4227 {lamma
927 4174 1033 4239 spiritns
1051 4173 1132 4223 sancti
1149 4170 1259 4237 populos
1278 4168 1413 4217 Hiberniae

34 4294 40 4306 .
115 4262 276 4327 temporibus
299 4260 444 4325 primitivae
467 4262 590 4314 ecclesiae
609 4262 747 4312 efficaciter
770 4263 903 4329 perflarit,
932 4257 1163 4326 peregrinationem
1187 4256 1341 4305 cambientes
1364 4266 1413 4318 pro

115 4347 211 4413 patria,
237 4348 273 4396 itu
296 4347 323 4395 in
344 4348 527 4397 transmarinas
548 4348 667 4413 regiones
690 4362 718 4396 se
740 4350 984 4414 praecipitaverunt,
1014 4349 1042 4391 ut
1060 4342 1177 4392 diversas
1195 4342 1311 4406 Europae
1327 4348 1414 4405 partes

75 4436 79 4444 '
115 4442 228 4482 structas
240 4432 413 4496 praedicando
427 4433 624 4499 perlustrarent’
706 4435 740 4484 75
759 4434 791 4483 de
804 4433 844 4484 his
858 4432 998 4483 rationibus
1013 4429 1046 4482 ci.
1059 4439 1107 4478 act.
1121 4436 1201 4477 sanct.
1213 4427 1229 4475 l.
1242 4427 1259 4479 l.
1274 4443 1299 4492 p.
1311 4427 1359 4479 361
1371 4443 1411 4490 sq.

116 4518 256 4585 liettigium
276 4520 410 4583 antiquiss.
430 4527 499 4582 quot.
518 4518 634 4584 evangel.
653 4518 710 4567 cod.
729 4516 875 4567 SGallensis
893 4518 977 4566 Turic.
994 4515 1071 4567 1836.
1091 4519 1116 4564 4.
1135 4530 1163 4579 p.
1178 4511 1258 4563 xliv
1273 4529 1323 4578 sq„
1339 4516 1412 4563 cuins

116 4603 175 4654 libri
191 4605 309 4654 notitiam
327 4603 485 4654 Bernlrardio
504 4603 657 4669 (Grundriss
676 4602 785 4653 duim.
804 4602 865 4654 Litt.
884 4619 943 4656 ann.
963 4602 1016 4654 250
1033 4602 1075 4654 ed.
1096 4608 1120 4651 et
1137 4599 1181 4653 alt.
1202 4606 1228 4650 et
1243 4598 1349 4664 tertiae)
1371 4615 1413 4649 nc·
1498 4662 1504 4668 Ι

114 4698 217 4756 ceptum
234 4689 330 4749 refero,
346 4690 473 4741 Kellenm
492 4690 508 4741 l.
525 4690 543 4740 l.
560 4705 588 4755 p.
604 4689 636 4740 61
654 4705 724 4752 sqq„
743 4688 875 4741 Zenssiunr
893 4688 909 4739 l.
928 4689 945 4739 l.
965 4704 994 4754 p.
1012 4687 1073 4738 xvi
1088 4702 1156 4750 sqq,
1176 4687 1332 4752 Zappertnm
1351 4686 1413 4733 liber

115 4776 162 4826 das
173 4777 276 4842 Fragor.
295 4777 367 4826 eines
385 4777 451 4827 liber
467 4778 570 4827 dativus
588 4776 614 4826 in
632 4784 682 4831 act.
700 4790 866 4826 consessuram
885 4774 959 4828 acad.
970 4773 1085 4825 Vindob.
1104 4774 1180 4826 class.
1201 4772 1261 4826 lrist.
1274 4771 1338 4836 phil.
1354 4769 1411 4817 lllll

133 4896 141 4911 .
157 4860 191 4911 at

99 4875 132 4940 ‘p
156 4963 366 5008 damnarer
388 4962 500 5007 namur
524 4964 572 5006 ιι.ι
1184 4942 1204 5002 b
